3404 5782
150 377 231 455 480
532 401 839 457 conuaauaams
859 402 911 453 su
929 399 993 457 esu.
1012 400 1066 455 sse
1094 399 1161 460 sar.

151 618 241 669 vero
270 591 403 669 dicitur
430 589 595 669 fanatico
623 591 748 670 furore
776 602 968 696 correptus
997 605 1034 670 et
1067 595 1338 672 turbulentus.
1382 596 1552 690 Quoniam

151 718 252 793 enim
269 715 388 792 hiems
406 717 471 794 illo
491 742 617 793 mense
636 716 785 818 incipit,
813 727 877 807 a'er
894 717 1067 797 turbatur
1085 730 1123 794 et
1140 731 1343 798 mutatur.

257 843 339 920 Hoc
357 869 484 920 mense
503 842 649 919 videtur
667 844 781 920 etiam
797 844 1026 921 celebratum
1043 845 1156 923 fuisse
1178 847 1339 923 festum
1359 846 1552 923 arvaleJo

150 969 206 1044 vis
225 992 291 1069 per
309 968 492 1069 Buzyges.
531 967 588 1045 cf.
608 968 924 1046 Boetticher:
945 966 1192 1047 Athenisoher
1212 970 1511 1050 Festlralender
1524 973 1550 1044 iu

151 1091 314 1186 Bildern,
335 1090 536 1190 Gottingae
551 1092 664 1190 1865,
684 1103 721 1170 et
740 1092 861 1170 Schol.
881 1096 921 1170 in
939 1093 1131 1173 Demosth.
1149 1094 1326 1197 Olynth.
1341 1099 1419 1191 III,
1431 1096 1492 1190 29,
1506 1096 1550 1170 tl.

734 1284 949 1369 Adm.

135 1456 139 1464 '
256 1449 503 1552 Harpocratio
531 1477 560 1526 s.
581 1476 615 1526 v.
637 1438 793 1523 ‘Ateius
822 1447 1066 1526 Philochorus
1094 1450 1311 1530 solennem
1340 1453 1452 1530 huuc
1470 1453 1547 1527 dien

148 1574 234 1651 inde
254 1584 429 1652 vocatum
446 1584 576 1650 auctor
598 1584 675 1667 est,
706 1571 807 1674 quod
834 1585 920 1651 tuuc
948 1573 1114 1651 homines
1141 1576 1184 1653 in
1215 1579 1330 1656 areis
1362 1581 1474 1674 (περὶ
1498 1572 1546 1659 τᾶς

150 1692 268 1791 ἅλως)
288 1699 428 1776 versari
446 1698 600 1775 soleant.

256 1823 313 1901 Of.
333 1823 469 1901 Lexica
487 1821 640 1923 Seguer.
660 1848 697 1924 p.
719 1823 807 1900 ³84.

736 1980 812 2063 Ad
829 1980 947 2065 485.

257 2144 521 2249 Harpocratio:
552 2144 752 2220 anlvrov:
781 2144 1030 2223 Bacchanalia
1056 2170 1151 2246 quae
1180 2145 1220 2222 in
1255 2146 1434 2250 singulis
1453 2147 1542 2251 pagis

149 2271 452 2367 celebrabantur,
485 2271 636 2344 θεοίνια
656 2272 898 2366 dicebantur,
917 2273 956 2347 in
979 2271 1112 2372 quibus
1130 2271 1305 2371 gentiles
1327 2274 1395 2369 (id
1416 2291 1492 2368 est,
1508 2275 1543 2349 ci·

150 2424 215 2475 ves
233 2397 281 2474 ad
300 2424 414 2474 arnam
432 2397 663 2499 eandemque
682 2409 832 2496 gentem
850 2397 1102 2499 pertinentes)
1129 2399 1431 2478 sacrificabant
1470 2402 1542 2476 Bac·

149 2524 259 2600 chum
279 2522 417 2625 quippe
440 2522 619 2596 θεοίνιον
637 2522 830 2598 vocabant.
1039 2618 1041 2623 Ι

98 2715 103 2723 .
256 2647 443 2725 Plutarch.
463 2649 509 2724 de
530 2646 730 2750 cupiditate
750 2646 906 2723 divitiar.
925 2646 967 2720 8:
987 2644 1154 2748 Accepta
1172 2671 1196 2721 a
1214 2651 1446 2745 majoribus
1464 2652 1539 2727 Bac·

148 2772 360 2850 chanalium
388 2772 570 2849 festivitas
599 2770 802 2872 antiquitus
830 2771 977 2872 plebeio
1005 2797 1106 2846 more
1131 2780 1169 2845 et
1193 2770 1317 2849 hilari
1350 2775 1541 2877 agebatur:

148 2899 329 3000 amphora
346 2897 424 2971 vini
442 2909 480 2972 et
498 2897 658 2997 palmitis
685 2909 935 2993 sarmentum
963 2907 1039 2972 tum
1067 2896 1201 2996 aliquis
1230 2921 1411 2999 caprum
1440 2903 1541 2978 trahe

148 3023 234 3118 bat,
264 3021 488 3120 sequebatur
508 3021 603 3098 alius
622 3021 806 3098 calathum
827 3023 904 3099 ficis
924 3021 1076 3122 plenum
1094 3033 1278 3120 gestans,
1313 3026 1459 3104 ultimo
1478 3028 1541 3102 loco

149 3150 316 3252 phallus:
344 3174 444 3226 nunc
463 3174 506 3225 ea
524 3148 765 3247 negliguntur
784 3161 819 3226 et
841 3160 1079 3227 evanescunt.

732 3322 808 3405 Ad
827 3323 945 3407 487.

255 3488 367 3588 Legis
386 3488 497 3592 hujus
516 3487 700 3587 originem
719 3488 771 3565 sic
791 3489 945 3588 exponit
964 3485 1141 3565 Aelianus
1160 3486 1249 3565 loco
1272 3492 1427 3569 citato:
1449 3518 1542 3594 quun

148 3615 419 3692 Themistocles
438 3613 596 3688 civicum
616 3611 819 3688 exercitum
838 3610 1018 3689 adversus
1037 3613 1169 3687 Persas
1190 3612 1411 3713 educeret,
1442 3616 1542 3718 gallos

147 3741 376 3841 gallinaceos
403 3738 598 3839 conspexit
625 3748 857 3837 pugnantes,
887 3736 1084 3836 statimque
1108 3747 1229 3813 totum
1253 3743 1480 3818 exercitum
1495 3741 1542 3817 ad·

148 3874 246 3941 stare
261 3865 374 3967 jussit
393 3875 429 3938 et
449 3862 560 3938 dixit:
589 3861 626 3936 hi
655 3887 777 3961 neque
805 3887 874 3961 pro
894 3860 1031 3961 patria,
1065 3886 1184 3961 neque
1206 3889 1285 3963 pro
1308 3865 1390 3944 diis
1412 3869 1542 3970 patriis,

112 3987 116 3992 ’
147 4016 267 4092 neque
287 4014 355 4091 pro
371 3987 480 4064 avitis
499 3986 745 4063 monumentis
764 3986 863 4061 mala
880 3987 1057 4080 subeunt,
1078 4010 1201 4086 neque
1222 4015 1303 4089 pro
1324 3993 1476 4094 gloria,
1494 4019 1542 4070 ue·

148 4142 220 4216 que
239 4141 309 4217 pro
326 4113 520 4207 libertate,
550 4136 670 4213 neque
696 4136 764 4212 pro
784 4110 935 4207 liboris;
962 4109 1028 4188 sed
1045 4109 1128 4187 ideo
1148 4123 1346 4214 uterque,
1380 4147 1432 4198 ne
1452 4147 1542 4222 supe-

148 4252 269 4337 retur,
289 4263 384 4314 neve
404 4236 622 4314 alteralteri
641 4235 759 4313 cedat.
788 4235 933 4331 Quibus
953 4234 1059 4312 dictis
1079 4233 1392 4324 Atheniensium
1413 4250 1542 4327 animos

149 4364 393 4442 confirmavit.
418 4362 528 4457 Quod
548 4389 639 4462 ergo
658 4372 747 4438 urnc
766 4363 819 4437 eis
838 4361 1120 4439 incitamentum
1137 4359 1186 4438 ad
1208 4363 1407 4452 virtutem
1427 4372 1540 4461 extitit,

149 4490 267 4568 voluit
283 4488 331 4569 ad
351 4490 494 4568 edenda
512 4491 644 4568 similia
663 4500 943 4566 monumentum
960 4516 1119 4567 servare.

256 4615 425 4693 Meminit
443 4615 552 4716 hujus
572 4617 665 4714 legis
685 4615 871 4693 Lucienus
891 4642 1038 4716 quoque
1057 4617 1095 4691 in
1108 4613 1333 4699 Anacharsi
1355 4629 1461 4728 (cap.
1472 4624 1538 4712 37),

147 4738 297 4818 minime
315 4739 510 4839 ridiculae,
538 4742 638 4818 subit
656 4743 773 4830 enim,
793 4741 930 4842 inquit,
956 4742 1093 4817 sensim
1111 4739 1248 4841 aliquis
1271 4748 1316 4824 in
1337 4752 1485 4826 animos
1502 4744 1536 4820 ad

147 4864 312 4967 pericula
329 4867 508 4968 impetus,
529 4892 576 4942 ne
597 4868 810 4964 ignaviores
829 4867 1028 4944 videantur
1050 4867 1151 4941 cives
1172 4879 1211 4942 et
1230 4873 1370 4951 nrinus
1392 4876 1534 4953 audaces

146 4992 257 5091 gallis
274 4989 507 5092 gallinaceis,
536 5017 606 5068 nec
633 4992 737 5093 prius
765 5017 875 5093 quam
904 4990 956 5070 illi
985 4992 1162 5078 deficiant
1184 4994 1263 5096 ipsi
1284 5025 1311 5076 a
1330 5000 1531 5079 vulneribus

147 5127 213 5194 aut
230 5116 422 5196 laboribus
440 5126 504 5194 aut
524 5115 745 5196 difficultate
764 5140 987 5217 quacunque
1005 5115 1088 5215 alia.
1120 5200 1127 5219 Ι
