3404 5782
694 379 756 429 ms
774 376 995 432 PRIVATUM·

791 569 905 646 1510.

257 720 389 795 Testes
408 717 568 795 adsunto
586 742 701 817 quum
720 715 803 815 quis
822 704 929 790 alteri
949 724 1076 790 mutuo
1096 711 1159 789 dat
1178 708 1411 814 pecuniam.

785 893 900 969 1511.

249 1035 376 1115 Ὅταν
404 1035 645 1114 ἀποδιδῶσιν
672 1040 708 1112 oi
738 1032 1031 1133 δανεισάμενοι,
1071 1029 1239 1118 πολλούς
1278 1036 1570 1130 παρίστασθαι

144 1165 360 1265 μάρτυρας,
388 1168 440 1238 ἵν’
460 1170 635 1270 ἐπιεικεῖς
659 1158 828 1236 δοκῶσιν
847 1156 945 1234 είναι
967 1162 1050 1257 περὶ
1069 1154 1116 1232 τοί
1139 1154 1387 1257 συμβόλαια.

658 1287 873 1382 (Demosth.
894 1285 976 1364 adv.
998 1285 1145 1362 Phorm.
1169 1284 1246 1358 915
1266 1287 1310 1360 in
1335 1289 1461 1379 fine.)

792 1449 906 1525 1511.

256 1597 381 1690 Quum
399 1595 587 1671 debitores
606 1605 776 1671 mutuum
795 1590 976 1687 reddunt,
1006 1590 1143 1667 multos
1171 1589 1392 1668 adhibeant
1427 1604 1568 1688 testes,

148 1721 296 1798 utboni
315 1722 384 1797 viri
403 1746 483 1798 esse
503 1722 542 1796 in
561 1719 795 1821 praestandis
814 1717 933 1818 poetis
954 1715 1162 1793 videantur.

793 1899 906 1976 1512.

247 2039 378 2118 Ὅπλα
397 2049 557 2143 ἐνέχυρα
572 2040 626 2142 μη
649 2047 815 2118 τιθέναι.

715 2168 861 2263 (Schol.
881 2168 920 2247 in
939 2166 1178 2269 Aristophan.
1198 2166 1301 2245 Plut.
1328 2171 1460 2267 451.)

791 2332 905 2409 1512.

257 2476 371 2554 Arma
390 2502 436 2554 ne
455 2476 762 2578 oppignerentur.

793 2620 904 2701 1513.

257 2761 432 2853 Ναυτικὴ
453 2761 653 2867 συγγραφή
671 2769 750 2839 ε’στι
779 2758 969 2837 ναυτικὸν
998 2758 1205 2861 δάνεισμα,
1235 2753 1261 2837 δ
1290 2769 1484 2840 ποιεῖταί
1511 2796 1561 2851 τις

150 2891 210 2959 snt
229 2877 418 2990 ὑποθήκῃ
438 2886 502 2978 τῆς
522 2884 638 2975 νεώς,
666 2883 737 2963 edo
757 2879 832 2985 ἄρα
852 2891 1014 2976 σωθείη·
1042 2891 1079 2962 εί
1095 2886 1135 2965 δὲ
1149 2884 1218 2986 μὴ,
1247 2883 1489 2967 ἀπόλλυται
1509 2887 1559 2989 τῷ

151 3008 327 3108 δανειστῇ
346 3018 415 3086 καί
434 3008 478 3086 τὸ
498 3010 726 3106 κεφάλαιον.
785 3014 975 3107 (Bekkert
992 3014 1196 3116 Anecd.gr.
1210 3021 1239 3095 l.
1260 3045 1300 3118 p.
1323 3019 1451 3112 283.)

789 3194 903 3270 1513.

258 3335 416 3413 Nautius
434 3337 651 3438 syngrapha
670 3349 728 3414 est
746 3349 977 3435 contractus,
997 3367 1070 3440 quo
1090 3338 1249 3440 pecunie
1267 3339 1441 3420 foenore
1463 3369 1548 3420 nou·

150 3461 223 3537 tino
251 3463 452 3539 collocatur
480 3464 518 3537 in
548 3489 702 3557 navem,
732 3489 826 3565 quae
852 3491 921 3566 pro
940 3465 1097 3565 pignore
1118 3477 1192 3560 est,
1221 3466 1252 3538 si
1271 3467 1429 3543 scilicet
1449 3470 1543 3545 inoo·

150 3589 258 3665 lumis
278 3590 447 3688 redierit;
475 3591 533 3665 sin
552 3589 713 3666 creditor
731 3588 857 3691 perdit
874 3590 985 3667 etiam
1005 3618 1188 3667 summam
1205 3594 1409 3692 pecuniae.

788 3772 918 3850 1514..

260 3908 342 4002 Trio
360 3909 588 4019 συγγραφὴν
610 3917 751 3987 θέσθαι
772 3909 873 4011 παραὶ
893 3918 1096 4013 τραπεζίτῃ
1116 3907 1141 4006 ἢ
1159 3904 1266 4012 ἄλλῳ
1285 3917 1379 3992 τινί.

258 4042 470 4135 (Demosth.
490 4041 571 4117 adv.
592 4041 802 4118 Phormion.
824 4041 913 4117 908.
933 4043 1037 4121 Idem
1056 4041 1137 4118 adr.
1159 4042 1297 4119 Laerit.
1320 4044 1439 4137 927.)

788 4221 903 4300 1514.

257 4365 478 4444 Contractus
506 4366 675 4444 nautious
704 4364 914 4469 deponatur
941 4364 1041 4468 apud
1066 4363 1324 4466 argentarium
1345 4367 1412 4445 vel
1431 4369 1536 4445 alium

151 4510 270 4590 quem.
445 4512 446 4516 ‘

788 4598 903 4677 1515.

249 4725 351 4815 Ὅσα
365 4740 439 4839 μέν
458 4736 769 4842 ἀμφισβητήσιμά
787 4745 863 4818 ε’·στι
884 4734 962 4818 τῶν
981 4741 1250 4843 συμβολαίων,
1277 4745 1444 4841 κρίσεως
1463 4742 1535 4820 δεῖ·

150 4891 233 4954 ται,
262 4862 307 4939 τοὶ
328 4863 367 4940 δὲ
388 4875 472 4966 παρ’
493 4865 719 4968 ἀμφοτέρων
738 4862 1034 4974 ὁμολογηθέντα
1053 4867 1130 4944 τῶν
1149 4875 1442 4968 συντιθεμένων
1470 4875 1533 4945 καί

151 4996 233 5089 περὶ
254 4980 307 5067 ὦν
328 4999 547 5096 συγγραφαί
566 5006 715 5072 κεῖνται
732 5000 940 5087 ναυτικαί,
964 4994 1141 5097 χρῆσθαι
1170 4991 1354 5094 προσῆκει
1375 5010 1457 5086 τοῖς
1475 5029 1532 5103 γε·

150 5124 391 5219 γραμμένοις.
822 5125 1033 5220 (Demosth.
1056 5125 1135 5203 adv.
1158 5126 1292 5203 Lacrit.
1316 5128 1433 5223 932.)
