3436 5790
503 418 813 471 commandamus
829 418 885 475 ao
903 415 966 468 ssa.
985 411 1049 468 ass.
1070 412 1133 468 εει.
1153 415 1216 468 aas.
1474 393 1550 471 529

162 608 290 685 monio
311 607 448 684 Suidae
468 619 505 683 et
529 606 673 700 photii,
703 607 734 682 si
762 607 967 705 cogitemus
996 598 1302 706 προκαταβολὴν
1321 606 1551 714 significasse

161 735 275 811 totius
300 733 538 832 vectigalium
556 732 825 832 redemptionis
853 734 1034 833 pecuniae
1062 734 1307 825 solutionem,
1332 727 1550 829 προςκατά-

160 856 288 954 βλημα
307 886 396 936 vero
417 859 531 936 fuisse
554 859 775 960 pensionem
802 869 935 959 postea
962 859 1096 936 factam
1124 885 1239 960 supra
1265 869 1550 937 memoratarum

164 984 460 1063 centesimarum.

269 1125 494 1228 Hujusmodi
513 1126 736 1203 centesimas
756 1151 887 1203 revera
916 1127 1101 1221 extitisse,
1131 1126 1294 1230 probant
1311 1152 1358 1204 ea
1376 1151 1470 1228 quae
1489 1152 1549 1203 su·

162 1251 289 1351 perius
307 1247 340 1351 ξ.
360 1251 439 1327 879
459 1251 506 1326 ad
525 1246 671 1325 ἐπάνια
690 1251 962 1329 adnotavimus.

269 1391 478 1473 Scholiasta
495 1395 543 1471 ad
561 1394 827 1472 Demosthenis
846 1395 1122 1474 Timocrateam
1141 1397 1252 1489 (731,
1272 1396 1413 1489 ata-s.)
1432 1393 1550 1471 verbo

160 1514 485 1614 προςκατάβλημα
504 1519 617 1596 aliam
635 1518 786 1621 subjicit
804 1521 1015 1615 notionem3
1043 1520 1133 1597 dicit
1160 1522 1261 1596 euim
1278 1520 1373 1615 illis,
1402 1520 1465 1618 qui
1484 1543 1548 1594 ae-

161 1644 397 1744 rariousque
422 1645 629 1721 aduenam
658 1645 869 1745 prytauiam
897 1671 974 1720 uon
1002 1645 1210 1736 solvissent,
1237 1644 1417 1721 mulctam
1445 1643 1550 1744 dupli

161 1770 275 1846 fuisse
294 1771 493 1862 inflictum,
522 1795 618 1869 quae
646 1764 971 1871 προςκᾳτάβλημα
999 1770 1216 1847 vocabatur.
1253 1773 1301 1842 Π
1308 1793 1550 1864 ροςκατα-

160 1894 190 1988 β
198 1889 409 1988 λήματα,
434 1888 541 1965 τοῦτ’
563 1892 640 1965 ἔστι
659 1886 705 1965 τά
729 1886 940 1985 ὀφείλοντα
960 1891 1359 1990 προσκαταβληθῆναι
1378 1894 1431 1978 εἰς
1451 1887 1550 1966 άνα-

161 2013 353 2114 πλήρωσιν
378 2013 457 2089 τῶν
487 2011 770 2113 ἀναλωμάτων·
801 2012 878 2090 ἀπὸ
904 2019 980 2113 μὲν
1005 2012 1081 2120 γάρ
1108 2018 1189 2092 τῶν
1216 2014 1338 2092 τελῶν
1365 2014 1445 2092 τῶν
1472 2008 1550 2091 άπὸ

159 2140 242 2218 τῶν
267 2145 431 2238 λιμένων
459 2145 528 2214 καὶ
557 2139 622 2234 τῆς
651 2136 796 2245 ἀγοράς
824 2137 1053 2231 ἀνηλίσκετο
1081 2144 1136 2228 εἰς
1162 2139 1211 2215 τά
1241 2138 1321 2243 ἱερά
1342 2145 1413 2216 καὶ
1433 2143 1487 2228 εἰς
1504 2137 1550 2216 τά

162 2264 394 2343 δικαστικὸν
411 2272 480 2342 καὶ
500 2271 553 2353 εἰς
571 2263 616 2341 τά
636 2264 898 2367 βουλευτικόν
925 2274 995 2342 καὶ
1021 2265 1114 2355 τούς
1143 2271 1274 2356 ἱππέας
1300 2274 1370 2344 καὶ
1397 2264 1446 2343 τά
1466 2297 1551 2343 τοι·

161 2392 273 2469 αὕτα.
306 2388 415 2467 Ἐπεὶ
436 2391 474 2466 δὲ
496 2387 576 2466 οὐκ
595 2389 748 2488 ἐπήρκει
768 2389 891 2466 ταῦτα
909 2388 956 2464 τά
982 2389 1183 2491 χρήματα,
1213 2391 1399 2479 πολλάκις
1418 2423 1551 2493 προςε-

160 2521 295 2593 sidem
314 2524 383 2592 καὶ
404 2519 551 2608 ἔξωθεν
569 2522 675 2614 ἕτερα
704 2513 831 2614 παρά
859 2543 1012 2591 τινων
1040 2512 1381 2609 ὀφειλόντων,
1411 2510 1551 2593 άέκά-

160 2649 259 2720 λουν
286 2640 683 2741 προςκαταβλήματα,
723 2637 811 2717 οἷον
838 2638 938 2716 αὐτά
967 2639 1015 2716 τά
1054 2640 1435 2743 προςτιμήματα
1472 2653 1551 2730 τοῖς

155 2766 394 2867 χρεωστοῦσι
414 2773 484 2842 καὶ
499 2763 554 2865 μὴ
575 2770 831 2876 βουλομένοις
856 2767 1118 2866 καταβάλλειν
1136 2775 1202 2856 ἕως
1222 2769 1286 2861 τῆς
1303 2767 1436 2862 ἐνάτης
1454 2799 1551 2868 που·

161 2899 335 2986 τανείας,
377 2898 420 2971 οἳ
444 2899 688 2994 κατέβαλλον
714 2891 762 2968 τά
795 2891 930 2969 διπλᾶ·
974 2891 1035 2969 διὸ
1066 2902 1136 2971 καί
1165 2893 1550 2996 προςκαταβλὴ-

156 3050 286 3119 ματα
317 3027 483 3125 λέγεται,
514 3017 576 3095 διά
596 3017 641 3096 τὸ
661 3016 935 3120 καταβάλλειν.

267 3167 365 3244 Vide
401 3192 524 3242 meam
563 3168 862 3244 dissertationem
898 3167 938 3240 iu
981 3133 1251 3265 Philolog'o
1295 3169 1547 3270 Gottiugensi.

161 3292 267 3369 Tem.
289 3292 393 3369 XVI.
422 3320 457 3392 p.
480 3293 567 3369 365.

748 3413 824 3495 Ad
844 3414 960 3496 80³.

267 3578 533 3677 Intelliguntur
560 3579 678 3679 pelles
707 3579 937 3655 victimarum
961 3580 999 3654 in
1020 3577 1239 3680 quibusdam
1261 3579 1418 3682 publicis
1436 3580 1547 3683 sacri·

162 3704 255 3780 ficiis
280 3705 564 3781 immolatarum.
594 3704 699 3797 Quae
729 3704 866 3781 fuerint
895 3704 986 3780 haec
1013 3705 1212 3796 sacrificia,
1243 3704 1413 3781 videmus
1432 3703 1471 3779 iu
1491 3731 1549 3781 se·

161 3843 297 3929 quente
317 3831 413 3930 lege.

749 3947 825 4032 As
844 3951 961 4034 804.

268 4114 417 4215 Olymp.
442 4113 529 4206 111,
549 4115 572 4189 3
593 4141 613 4191 e
633 4114 834 4195 divenditis
865 4118 1118 4211 victimarum,
1151 4142 1220 4218 per
1239 4125 1383 4217 septem
1400 4141 1549 4193 menses

160 4237 308 4338 publice
327 4251 583 4333 mactatarum,
603 4241 763 4342 pellibus
785 4243 889 4319 5148
899 4241 1098 4318 drachmae
1119 4242 1312 4318 confectae
1333 4253 1430 4318 suut.
1450 4240 1548 4320 Vide

160 4365 406 4442 Boeckhii
427 4366 538 4467 Corp.
558 4369 723 4469 inscript.
744 4396 799 4468 gr.
820 4370 886 4446 Nr.
909 4368 995 4443 157.

747 4578 823 4662 Ad
843 4580 958 4661 800.

269 4740 420 4816 Suidas:
454 4734 854 4838 Ἐνεπίσκημμα·
893 4732 1009 4815 ὁπότε
1038 4734 1245 4835 δημευθείη
1272 4735 1378 4826 τινάς
1406 4733 1546 4826 οὐσία,

159 4863 249 4956 άξῆν
274 4868 479 4960 προελθεῖν
507 4867 560 4964 τῷ
589 4865 785 4961 φάσκοντι
814 4863 1048 4969 γεγενῆσθαι
1078 4861 1257 4961 δανειστῇ
1283 4863 1355 4939 τοῦ
1386 4859 1547 4960 ἀνδρὸς,

160 4996 228 5065 καὶ
249 4995 373 5093 λέγειν
391 4980 443 5075 ὦς
462 4986 656 5084 ὀφείλεται
686 4988 794 5091 αὐτῷ
814 4998 857 5067 ἐν
875 4990 921 5086 τῇ
947 4986 1063 5090 οὐσίᾳ
1086 4992 1210 5090 χρέος.
1251 4994 1329 5063 Καὶ
1348 4987 1466 5063 τοῦτο
1486 4991 1550 5061 λε’-

159 5144 263 5219 γεται
283 5118 503 5217 ἐπίσκημμα
523 5123 592 5191 καί
611 5115 959 5216 ἐνεπισκήψασθαι.
998 5117 1113 5211 (Cum
1133 5118 1288 5217 alicujus
1307 5119 1409 5193 bona
1427 5116 1549 5217 publi-

1294 5241 1337 5305 34
