3436 5790
572 400 883 455 consuescamus
901 398 955 451 nu
975 393 1056 455 stes.
1077 395 1157 459 145⁵.
1476 379 1553 467 621

167 584 332 681 ηκούσης
366 584 498 677 αὐτοῖς
529 585 769 695 λαγχάνουσι
806 597 886 676 τοῖς
933 585 1221 688 διακρατοῦσιν.
1269 586 1364 669 ulca
1408 589 1556 680 ίλόνιις

170 711 409 821 λαγχάνουσι
429 720 498 790 καί
518 721 601 815 περί
620 719 867 814 ἐπικαρπίας·
899 713 1017 791 τοῦτο
1044 715 1248 815 καρποῦ
1278 715 1395 808 δίκη
1422 723 1555 795 καλεῖ-

167 869 241 921 ται.
279 846 371 940 (Qui
400 844 549 945 litigant
577 871 661 922 cum
685 845 811 947 aliquo
830 843 877 921 de
896 869 1011 945 agro,
1040 870 1152 945 quem
1170 845 1219 923 ad
1237 870 1276 922 se
1294 846 1482 946 pertinere
1500 847 1555 924 di·

167 980 275 1062 cunt,
303 969 584 1071 possessoribus
603 972 685 1073 ejus
703 971 806 1046 litem
825 968 1034 1046 intendunt.
1073 969 1221 1049 Deinde
1240 996 1325 1049 oum
1344 997 1408 1049 eos
1426 972 1554 1071 convi-

167 1107 318 1191 cerunt,
346 1096 455 1173 aliam
483 1096 530 1175 de
559 1124 628 1174 usu
657 1098 778 1174 fructu
806 1095 993 1173 actionem
1021 1095 1242 1193 instituunt,
1277 1122 1372 1198 quae
1400 1092 1556 1200 καρποῦ.

167 1215 257 1309 δίκη
280 1221 523 1322 appellatur.)
744 1324 821 1409 M
838 1324 966 1408 ¹4⁵³

272 1489 427 1568 suidas:
456 1483 636 1575 οὐσίας
656 1485 797 1578 dixu:
829 1481 974 1574 Οὐσίας
992 1482 1191 1592 εἰσάγουσι
1211 1485 1326 1580 δίκην
1346 1486 1440 1588 πρὸς
1458 1485 1551 1574 τούς
1666 1541 1672 1562 t

166 1617 383 1701 ἑαλωκότας
401 1621 444 1691 ἐν
463 1621 624 1717 προτέρᾳ
644 1613 736 1712 δίκῃ
751 1619 890 1713 χρέους
909 1608 1123 1712 ἢκαρποῦ·
1142 1606 1193 1702 οἷς
1212 1611 1300 1692 δέον
1319 1611 1553 1718 ἀπολαμβά·

166 1769 247 1815 παν
274 1736 419 1827 αὐτούς
448 1748 488 1832 ἐξ
518 1737 605 1834 ὅλης
632 1740 696 1834 τῆς
715 1737 870 1830 οὐσίας,
900 1733 1222 1817 ἂκατεὸίιιασοιν.
1261 1742 1393 1840 (Aetio
1421 1745 1476 1822 de
1504 1770 1553 1822 re

164 1869 369 1947 intenditur
396 1870 484 1960 illis,
516 1870 579 1973 qui
608 1870 799 1971 superiore
820 1867 965 1970 judicio
994 1870 1090 1947 aeris
1127 1869 1239 1946 alieni
1276 1871 1335 1947 vel
1365 1870 1553 1947 fructuum

166 1994 254 2071 victi
273 1994 442 2071 fuemnt:
470 1997 594 2096 ituque
613 1995 774 2072 victores
793 2020 840 2070 ex
858 1993 1033 2072 omnibus
1051 1992 1159 2069 bonis
1178 1995 1363 2095 recipiunt
1382 2021 1437 2091 ea,
1458 2019 1553 2096 quae

165 2120 352 2197 sententia
362 2119 500 2223 judicis
519 2121 610 2221 ipsis
630 2119 846 2214 addixerit.)

272 2248 317 2326 In
332 2245 418 2346 lege
431 2256 560 2322 nostra
578 2271 648 2346 pro
667 2243 785 2334 ἔξεστι
805 2252 886 2331 τοῖς
906 2240 1036 2319 ἑλοῦσι
1057 2246 1188 2347 legunt
1206 2244 1267 2322 alii
1287 2234 1441 2332 ἁλοῦσι,
1453 2243 1557 2345 quod.

165 2373 259 2450 forte
278 2371 422 2449 melius.
1133 2463 1134 2467 ρ
1441 2433 1449 2446 ,

270 2497 411 2574 Sensus
429 2494 628 2573 verborum
648 2494 957 2596 Harpocrationis
985 2495 1045 2571 hic
1075 2494 1220 2572 videtur
1248 2520 1340 2571 esse.
1378 2493 1418 2577 Si
1441 2496 1552 2574 alicui

164 2624 298 2701 fundus
318 2623 379 2698 vel
397 2621 530 2698 domus
549 2617 606 2696 die
625 2619 825 2696 constituta
845 2645 920 2696 non
940 2620 1201 2714 redderentur,
1231 2621 1349 2722 primo
1367 2622 1551 2699 uodonem

164 2749 211 2825 in
240 2751 436 2826 fructus
459 2746 526 2822 vel
554 2745 601 2821 in
632 2744 847 2845 pretium
876 2745 1170 2842 locationis,
1200 2756 1312 2846 prout
1335 2771 1472 2848 nempe
1492 2749 1551 2825 vel

163 2876 209 2953 de
228 2876 345 2953 fundo
365 2874 425 2950 vel
444 2872 490 2949 de
509 2871 620 2949 domo
636 2872 830 2972 agebatur,
850 2871 1067 2964 intendebat
1085 2871 1264 2950 adversus
1283 2872 1548 2974 possidentem.

163 3003 248 3079 Hoc
266 3001 378 3078 modo
395 3000 559 3097 cogebat
587 2997 843 3099 possidentem
869 2998 917 3075 ad
938 2995 1184 3099 praestandos
1203 2995 1309 3073 fundi
1329 2999 1471 3077 frustm
1490 2998 1552 3077 vel

163 3127 208 3204 ad
226 3126 449 3205 solvendum
476 3125 607 3202 domus
635 3125 829 3202 locationis
858 3125 1038 3227 pretium,
1066 3135 1108 3200 ut
1136 3152 1204 3227 per
1232 3125 1304 3202 hoc
1327 3137 1551 3226 agnosceret

162 3263 324 3329 actorem
353 3279 434 3329 esse
453 3251 646 3329 dominum
664 3249 767 3328 fundi
787 3248 848 3326 vel
867 3248 1009 3327 domus.
1047 3248 1088 3326 Si
1106 3262 1304 3328 accusatus
1322 3250 1415 3328 haec
1434 3251 1552 3327 nollet

162 3387 369 3478 praestare,
397 3378 554 3454 alteram
581 3376 774 3453 actionem
796 3374 830 3449 ei
859 3372 1079 3451 intendebat
1113 3385 1216 3452 actor
1252 3376 1466 3475 etquidem
1501 3376 1549 3459 in

162 3529 274 3600 rem,
304 3503 475 3604 quamsi
502 3501 541 3577 in
564 3498 704 3602 judicio
734 3498 901 3591 vicisset,
930 3524 976 3575 ex
1001 3499 1175 3577 universa
1203 3499 1439 3577 condemnati
1462 3497 1549 3575 sub-

161 3629 298 3728 stantia
316 3636 464 3727 poterat
487 3652 592 3704 suum
621 3623 880 3700 detrimentum
909 3625 1055 3700 sarcire.
1093 3626 1220 3702 Potuit
1246 3637 1372 3704 tamen
1400 3627 1482 3702 fieri
1510 3635 1550 3701 ut

162 3749 430 3830 condemnatus
458 3776 571 3853 porro
600 3773 745 3851 quoque
774 3748 960 3825 resisteret
978 3759 1015 3826 et
1034 3750 1073 3825 in
1091 3751 1327 3852 possessione
1352 3775 1547 3853 permane·

161 3888 237 3977 ret;
265 3890 353 3956 tuno
381 3877 495 3980 igitur
523 3876 671 3954 tertiam
698 3873 878 3952 adversus
899 3898 993 3974 *eum
1020 3885 1124 3953 sotor
1151 3875 1313 3953 intendit
1340 3878 1548 3972 actionem,

160 4028 295 4107 nempe
321 4003 378 4082 de
405 4004 461 4080 vi.
1373 4022 1374 4026 ’

268 4128 325 4208 ul.
346 4129 499 4209 Meier
517 4141 554 4207 et
571 4127 868 4208 Sohdmsnn:
895 4130 975 4207 Der
993 4128 1149 4206 attische
1168 4129 1326 4207 Process
1346 4156 1382 4231 p.
1403 4130 1492 4206 749.
1546 4178 1550 4193 ι

735 4339 974 4427 nutu.

268 4509 605 4611 Harpocratio
630 4535 659 4586 s.
680 4537 715 4587 v.
734 4503 890 4599 ἐξούλης
902 4536 913 4580 .·
942 4509 1009 4585 Est
1027 4533 1161 4585 nomen
1180 4508 1359 4604 actionis,
1388 4527 1499 4610 quam
1518 4510 1542 4584 ii

161 4639 224 4739 qui
242 4637 374 4712 dicunt
391 4660 431 4709 se
451 4661 474 4710 a
492 4634 568 4711 suis
587 4633 695 4712 bonis
714 4635 853 4730 arceri,
881 4633 1081 4711 intendunt
1107 4634 1180 4710 illis
1196 4634 1265 4734 -qui
1284 4634 1385 4737 ipsos
1403 4645 1542 4710 ament

159 4764 323 4839 Doctum
343 4770 399 4836 est
416 4785 594 4836 nomena
617 4760 734 4837 verbo
762 4761 946 4850 ἐξίλλειν,
975 4759 1074 4862 quod
1093 4771 1151 4837 est
1168 4757 1386 4854 excludere,
1416 4759 1542 4860 expel-

159 4888 256 4982 lere,
286 4884 429 4988 ejioere.
459 4928 510 4940 -·-
540 4886 751 4964 Dinarchus
779 4913 868 4965 vero
900 4887 939 4962 in
970 4884 1265 4964 Orooonidarum
1292 4885 1545 4963 controversia

160 5013 396 5116 peculiariter
412 5036 500 5088 usus
521 5023 577 5089 est
595 5012 664 5089 hac
682 5039 774 5090 voce
793 5011 841 5091 de
860 5010 1022 5113 quadum
1040 5013 1246 5108 sacerdote,
1265 5037 1360 5112 quae
1379 5035 1439 5087 res
1457 5035 1548 5090 suas

159 5164 286 5221 curam
304 5135 465 5218 nolebat.
503 5137 619 5217 Porro
648 5164 786 5218 nomen
814 5139 885 5217 hoc
912 5138 952 5215 in
982 5163 1112 5217 omnes
1140 5139 1273 5219 cadere
1300 5137 1364 5236 qui
1395 5135 1548 5239 sboss‘s
