3436 5790
726 393 776 442 oe
797 391 913 441 ornos
928 391 990 441 ro.
1477 368 1552 444 391

170 583 324 683 deponit
343 583 414 659 nisi
434 582 646 677 confidens3
667 594 705 659 at
721 583 754 657 is
774 582 832 656 oui
852 582 1021 677 debetur,
1047 583 1187 659 amisus
1206 608 1282 658 non
1302 595 1368 658 est.
1407 585 1554 661 Deinde

170 720 317 812 praeter
346 708 523 783 damnum
551 709 664 784 etiam
682 707 773 785 fides
792 706 963 784 violatur.
1002 707 1203 786 Praeterea
1222 710 1383 810 depositi
1403 712 1553 811 quidem

169 832 270 912 datio
291 832 520 911 custodiendi
549 832 803 936 reddendique
830 833 954 932 gretie
982 835 1044 933 θη
1072 835 1186 911 mutui
1207 861 1297 913 vero
1319 835 1431 914 etiem
1450 839 1552 918 lucri.

807 1014 919 1091 1524.

268 1148 320 1231 ‘0
339 1152 470 1242 διδούς
488 1152 824 1254 παρακαταθήκην
843 1155 949 1255 εἴπερ
967 1154 1150 1256 βούλεται
1168 1163 1318 1234 τιλιίαν
1346 1156 1452 1252 ίήηειν
1479 1156 1551 1232 οἶσ-

168 1280 352 1378 φάλειαν,
380 1283 605 1380 λαμβανέτω
620 1283 696 1378 μὲν
714 1287 783 1356 καί
803 1278 959 1385 γράμμα
978 1288 1024 1358 ἐκ
1054 1281 1128 1359 τοῦ
1150 1279 1365 1383 ἀνθρώπου
1384 1287 1552 1374 ἐκείνου,

168 1404 259 1507 πρὸς
279 1399 328 1484 ὃν
345 1402 417 1497 τήν
436 1407 773 1507 παρακαταθήκην
792 1402 943 1483 διδόναι
972 1405 1175 1505 βούλεται·
1198 1405 1254 1506 μή
1285 1404 1483 1507 ἀρκείσθω
1513 1405 1553 1482 δὲ

163 1531 275 1633 μόνῳ
293 1531 350 1631 τῳ
377 1529 591 1636 γράμματι,
622 1527 720 1608 ἀλλά
750 1535 819 1606 καί
841 1527 1037 1634 μάρτυρας
1065 1538 1361 1633 προσκαλείσθω
1389 1530 1554 1638 σεμνούς

167 1662 234 1733 καί
255 1653 512 1749 ἀξιοπίστους.

274 1786 524 1882 (Zachariaet
562 1787 634 1865 dus
672 1784 1078 1867 Graeco-Romanum.
1107 1786 1292 1890 Synopsis
1326 1790 1447 1868 minor

1190 1913 1261 1992 Lit.
1283 1914 1337 2010 Π,
1357 1915 1441 2008 96.)

808 2022 920 2099 1524.

271 2165 343 2259 Qui
364 2162 574 2269 depositum
593 2162 676 2261 dat,
696 2164 727 2240 si
745 2165 912 2268 perfecte
932 2177 1032 2242 tutus
1053 2192 1133 2243 esse
1155 2164 1256 2259 vult,
1287 2164 1446 2266 accipiat
1464 2166 1550 2242 sori·

166 2302 271 2392 ptum
298 2290 345 2366 ab
374 2290 524 2368 homine
553 2290 636 2387 illo,
667 2293 725 2368 oui
754 2290 967 2394 depositum
997 2292 1085 2369 dere
1112 2292 1202 2367 vult.
1239 2290 1294 2366 Ne
1314 2302 1551 2369 contentetur

165 2427 290 2492 autem
317 2418 396 2493 solo
432 2416 590 2516 scripto,
628 2415 695 2492 sed
723 2417 836 2494 etiam
863 2427 978 2494 testes
1007 2429 1118 2494 vooet
1146 2416 1381 2492 venerandos
1410 2428 1448 2493 et
1476 2418 1549 2494 fide

166 2541 309 2643 dignos.

799 2649 913 2728 1525.

271 2797 323 2865 M
330 2786 510 2894 ισιγγύ
527 2820 547 2879 η
554 2817 621 2887 μα
649 2785 694 2865 τὸ
714 2779 965 2894 ὁμολογηθὲν
983 2784 1172 2894 ἀργύριον
1200 2796 1287 2888 παρ’
1306 2784 1420 2887 ἀνδρί
1443 2795 1550 2889 μέσῳ

164 2922 356 3020 γινομένῳ
375 2915 540 3020 ι’·γγυητή
556 2913 620 3006 τῆς
641 2910 867 3004 ἀποδόσεως.
1140 2918 1442 3020 (Harpocratio.)

805 3097 918 3173 1525.

271 3242 453 3318 Mercedis
481 3242 634 3342 sponsio
663 3252 718 3318 est
744 3250 856 3342 pecte
881 3241 1043 3342 pecunie
1064 3240 1163 3343 apud
1183 3253 1412 3344 sequestrem
1432 3242 1545 3347 depo-

164 3369 252 3464 sita,
281 3368 343 3470 qui
361 3366 604 3443 restitutionis
623 3377 680 3443 est
698 3366 905 3469 fidejussor.

794 3541 918 3651 1526.¹

264 3684 310 3761 Ἐ
320 3717 368 3759 πι
381 3684 404 3761 δ
414 3717 425 3760 ι
438 3717 490 3762 ατ
502 3691 516 3762 ί
528 3693 584 3762 θε
596 3693 720 3764 σθαί
746 3694 824 3767 ἐστι
843 3685 887 3767 τὸ
905 3687 1109 3783 συνθήκας
1127 3686 1235 3777 τινας
1254 3695 1448 3766 ποιεῖσθαι
1468 3719 1544 3763 κα-

163 3820 436 3913 τατιθεμένους
454 3840 490 3888 τι
509 3809 623 3912 ῥητὸν
642 3810 828 3919 ἀργύριον
846 3810 947 3915 παρὰ
965 3844 1041 3892 τινι
1060 3814 1140 3893 τῶν
1154 3811 1298 3915 perago
1319 3821 1545 3919 γινομένων,

162 3937 277 4039 ὅσπερ
296 3939 479 4044 ἐγγυᾶται
500 3944 666 4040 ἑκατέρῳ
685 3935 801 4032 ὥστε,
827 3934 903 4032 siri
924 3945 1057 4040 πρᾶξις
1075 3948 1244 4047 γένοιτο,
1276 3945 1425 4040 θατέρῳ
1445 3939 1543 4015 ποίν-

161 4099 231 4155 τως
249 4062 293 4142 τὸ
314 4058 611 4168 ὡμολογημένον
630 4061 816 4170 ἀργύριον
842 4062 1074 4146 ἀποδοῦναι.
1109 4065 1163 4143 Τὸ
1192 4065 1230 4143 δὲ
1260 4065 1414 4170 πρᾶγμα
1445 4063 1543 4143 αὐτο

161 4198 307 4300 λέγεται
335 4187 662 4285 τ’·πιδιαθήκη.
1135 4195 1438 4299 (Harpooratio.)

798 4303 912 4384 1526.

266 4448 409 4546 Pignus
437 4447 624 4548 deponere
652 4459 709 4525 est
736 4448 895 4551 pacisci,
934 4459 1035 4526 certa
1062 4447 1243 4548 pecuniae
1269 4473 1413 4523 summa
1441 4449 1540 4548 apud

159 4585 386 4675 sequestrem
415 4574 604 4675 deposita,
643 4576 705 4675 qui
733 4574 895 4677 spondet
921 4576 1087 4677 utrique,
1124 4601 1164 4651 se
1192 4574 1361 4650 confecto
1390 4577 1541 4672 negotio

159 4711 308 4802 poetam
336 4700 536 4801 peouniam
562 4701 670 4780 elteri
692 4702 959 4785 restituturum.
996 4703 1087 4809 Ipso
1114 4726 1204 4779 vero
1228 4725 1287 4782 res
1315 4699 1449 4781 dieitur
1475 4700 1538 4805 pi·

159 4825 329 4932 gnoris
359 4823 623 4933 depositio.
