<?xml version="1.0" encoding="UTF-8"?>
<!DOCTYPE html PUBLIC "-//W3C//DTD XHTML 1.0 Transitional//EN"
    "http://www.w3.org/TR/xhtml1/DTD/xhtml1-transitional.dtd">
<html xmlns="http://www.w3.org/1999/xhtml" xml:lang="en" lang="en">
 <head>
  <title>
</title>
<meta http-equiv="Content-Type" content="text/html;charset=utf-8" />
  <meta name='ocr-system' content='tesseract 3.04.00' />
  <meta name='ocr-capabilities' content='ocr_page ocr_carea ocr_par ocr_line ocrx_word'/>
</head>
<body>
  <div class='ocr_page' id='page_1' title='image "./synaggtnattiknn00tlgoog_0528.png"; bbox 0 0 3404 5782; ppageno 0'>
   <div class='ocr_carea' id='block_1_1' title="bbox 158 330 1216 402">
    <p class='ocr_par' dir='ltr' id='par_1_1' title="bbox 158 330 1216 402">
     <span class='ocr_line' id='line_1_1' title="bbox 158 330 1216 402; baseline -0.001 0"><span class='ocrx_word' id='word_1_1' title='bbox 158 330 234 402; x_wconf 76' lang='lat'>504</span> <span class='ocrx_word' id='word_1_2' title='bbox 500 350 809 401; x_wconf 75' lang='lat' dir='ltr'>connnurlnres</span> <span class='ocrx_word' id='word_1_3' title='bbox 829 351 881 398; x_wconf 77' lang='grc'>,66</span> <span class='ocrx_word' id='word_1_4' title='bbox 902 349 965 400; x_wconf 78' lang='grc'><strong>676.</strong></span> <span class='ocrx_word' id='word_1_5' title='bbox 986 348 1047 400; x_wconf 77' lang='grc'><strong>666.</strong></span> <span class='ocrx_word' id='word_1_6' title='bbox 1067 350 1129 402; x_wconf 79' lang='grc'><strong>666.</strong></span> <span class='ocrx_word' id='word_1_7' title='bbox 1150 347 1216 401; x_wconf 82' lang='grc'><strong>666.</strong></span> 
     </span>
    </p>
   </div>
   <div class='ocr_carea' id='block_1_2' title="bbox 155 534 1572 1387">
    <p class='ocr_par' dir='ltr' id='par_1_2' title="bbox 155 534 1572 1387">
     <span class='ocr_line' id='line_1_2' title="bbox 158 534 1572 641; baseline 0.001 -27"><span class='ocrx_word' id='word_1_8' title='bbox 158 538 259 639; x_wconf 87' lang='grc' dir='ltr'><em>παρά</em></span> <span class='ocrx_word' id='word_1_9' title='bbox 280 539 401 615; x_wconf 77' lang='grc' dir='ltr'><em>ταῦτα</em></span> <span class='ocrx_word' id='word_1_10' title='bbox 422 534 643 629; x_wconf 73' lang='grc' dir='ltr'><em>δικάζηται,</em></span> <span class='ocrx_word' id='word_1_11' title='bbox 669 534 723 633; x_wconf 73' lang='grc' dir='ltr'>μὴ</span> <span class='ocrx_word' id='word_1_12' title='bbox 744 535 1004 641; x_wconf 74' lang='grc' dir='ltr'><em>εἰσαγώγιμον</em></span> <span class='ocrx_word' id='word_1_13' title='bbox 1027 535 1124 612; x_wconf 83' lang='grc' dir='ltr'><em>εἶναι</em></span> <span class='ocrx_word' id='word_1_14' title='bbox 1143 536 1218 629; x_wconf 71' lang='grc' dir='ltr'><em>τήν</em></span> <span class='ocrx_word' id='word_1_15' title='bbox 1238 538 1385 631; x_wconf 81' lang='grc' dir='ltr'><em>δίκην.</em></span> <span class='ocrx_word' id='word_1_16' title='bbox 1432 546 1572 638; x_wconf 85' lang='lat' dir='ltr'>(Quum</span> 
     </span>
     <span class='ocr_line' id='line_1_3' title="bbox 157 667 1570 772; baseline 0.004 -28"><span class='ocrx_word' id='word_1_17' title='bbox 157 671 377 772; x_wconf 83' lang='lat' dir='ltr'>exceptione</span> <span class='ocrx_word' id='word_1_18' title='bbox 398 697 480 744; x_wconf 90' lang='lat' dir='ltr'>sum</span> <span class='ocrx_word' id='word_1_19' title='bbox 499 695 608 760; x_wconf 86' lang='lat' dir='ltr'>usus,</span> <span class='ocrx_word' id='word_1_20' title='bbox 638 695 715 744; x_wconf 92' lang='lat' dir='ltr'>non</span> <span class='ocrx_word' id='word_1_21' title='bbox 745 669 945 743; x_wconf 90' lang='lat' dir='ltr'>convenire</span> <span class='ocrx_word' id='word_1_22' title='bbox 974 667 1072 742; x_wconf 89' lang='lat' dir='ltr'>hanc</span> <span class='ocrx_word' id='word_1_23' title='bbox 1096 669 1313 763; x_wconf 79' lang='lat' dir='ltr'>actionem,</span> <span class='ocrx_word' id='word_1_24' title='bbox 1349 671 1404 748; x_wconf 87' lang='lat' dir='ltr'>de</span> <span class='ocrx_word' id='word_1_25' title='bbox 1426 670 1570 770; x_wconf 79' lang='lat' dir='ltr'>legibue</span> 
     </span>
     <span class='ocr_line' id='line_1_4' title="bbox 155 792 1569 900; baseline 0.002 -29"><span class='ocrx_word' id='word_1_26' title='bbox 155 796 317 896; x_wconf 89' lang='lat' dir='ltr'>p1imum</span> <span class='ocrx_word' id='word_1_27' title='bbox 335 793 476 884; x_wconf 90' lang='lat' dir='ltr'>dicam,</span> <span class='ocrx_word' id='word_1_28' title='bbox 504 792 708 870; x_wconf 89' lang='lat' dir='ltr'>secundum</span> <span class='ocrx_word' id='word_1_29' title='bbox 738 816 829 892; x_wconf 88' lang='lat' dir='ltr'>quas</span> <span class='ocrx_word' id='word_1_30' title='bbox 855 793 1113 892; x_wconf 83' lang='lat' dir='ltr'>exceptionem</span> <span class='ocrx_word' id='word_1_31' title='bbox 1140 797 1327 896; x_wconf 91' lang='lat' dir='ltr'>opposui.</span> <span class='ocrx_word' id='word_1_32' title='bbox 1372 797 1508 897; x_wconf 84' lang='lat' dir='ltr'>Leges</span> <span class='ocrx_word' id='word_1_33' title='bbox 1518 801 1569 900; x_wconf 92' lang='lat' dir='ltr'>jn·</span> 
     </span>
     <span class='ocr_line' id='line_1_5' title="bbox 156 915 1568 1017; baseline 0.003 -21"><span class='ocrx_word' id='word_1_34' title='bbox 156 920 249 996; x_wconf 90' lang='lat' dir='ltr'>bent</span> <span class='ocrx_word' id='word_1_35' title='bbox 274 920 441 996; x_wconf 81' lang='lat' dir='ltr'>actiones</span> <span class='ocrx_word' id='word_1_36' title='bbox 470 917 550 994; x_wconf 87' lang='lat' dir='ltr'>dari</span> <span class='ocrx_word' id='word_1_37' title='bbox 579 915 817 993; x_wconf 80' lang='lat' dir='ltr'>naviculariis</span> <span class='ocrx_word' id='word_1_38' title='bbox 846 927 884 994; x_wconf 89' lang='lat' dir='ltr'>et</span> <span class='ocrx_word' id='word_1_39' title='bbox 912 919 1208 1017; x_wconf 80' lang='lat' dir='ltr'>negotiatoribus</span> <span class='ocrx_word' id='word_1_40' title='bbox 1228 920 1272 996; x_wconf 93' lang='lat' dir='ltr'>in</span> <span class='ocrx_word' id='word_1_41' title='bbox 1295 921 1348 998; x_wconf 91' lang='lat' dir='ltr'>iis</span> <span class='ocrx_word' id='word_1_42' title='bbox 1370 927 1568 1000; x_wconf 86' lang='lat' dir='ltr'>contracti·</span> 
     </span>
     <span class='ocr_line' id='line_1_6' title="bbox 156 1040 1569 1151; baseline 0.004 -30"><span class='ocrx_word' id='word_1_43' title='bbox 156 1047 246 1141; x_wconf 86' lang='lat' dir='ltr'>bus,</span> <span class='ocrx_word' id='word_1_44' title='bbox 276 1045 339 1147; x_wconf 91' lang='lat' dir='ltr'>qui</span> <span class='ocrx_word' id='word_1_45' title='bbox 359 1043 526 1124; x_wconf 80' lang='lat' dir='ltr'>Athenas</span> <span class='ocrx_word' id='word_1_46' title='bbox 545 1043 695 1119; x_wconf 82' lang='lat' dir='ltr'>aliunde</span> <span class='ocrx_word' id='word_1_47' title='bbox 715 1053 753 1117; x_wconf 90' lang='lat' dir='ltr'>et</span> <span class='ocrx_word' id='word_1_48' title='bbox 772 1040 930 1119; x_wconf 83' lang='lat' dir='ltr'>Athenis</span> <span class='ocrx_word' id='word_1_49' title='bbox 949 1044 1022 1121; x_wconf 91' lang='lat' dir='ltr'>alio</span> <span class='ocrx_word' id='word_1_50' title='bbox 1042 1043 1275 1140; x_wconf 80' lang='lat' dir='ltr'>referantur,</span> <span class='ocrx_word' id='word_1_51' title='bbox 1300 1058 1346 1123; x_wconf 89' lang='lat' dir='ltr'>et</span> <span class='ocrx_word' id='word_1_52' title='bbox 1366 1048 1420 1125; x_wconf 91' lang='lat' dir='ltr'>de</span> <span class='ocrx_word' id='word_1_53' title='bbox 1442 1051 1569 1151; x_wconf 88' lang='lat' dir='ltr'>quibus</span> 
     </span>
     <span class='ocr_line' id='line_1_7' title="bbox 157 1167 1568 1270; baseline 0.002 -21"><span class='ocrx_word' id='word_1_54' title='bbox 157 1183 287 1249; x_wconf 83' lang='lat' dir='ltr'>extent</span> <span class='ocrx_word' id='word_1_55' title='bbox 304 1171 475 1266; x_wconf 79' lang='lat' dir='ltr'>tabulae3</span> <span class='ocrx_word' id='word_1_56' title='bbox 502 1171 560 1245; x_wconf 91' lang='lat' dir='ltr'>sin</span> <span class='ocrx_word' id='word_1_57' title='bbox 580 1170 662 1270; x_wconf 91' lang='lat' dir='ltr'>quis</span> <span class='ocrx_word' id='word_1_58' title='bbox 680 1178 828 1269; x_wconf 87' lang='lat' dir='ltr'>praeter</span> <span class='ocrx_word' id='word_1_59' title='bbox 852 1167 944 1245; x_wconf 86' lang='lat' dir='ltr'>haec</span> <span class='ocrx_word' id='word_1_60' title='bbox 973 1170 1077 1245; x_wconf 91' lang='lat' dir='ltr'>litem</span> <span class='ocrx_word' id='word_1_61' title='bbox 1104 1170 1306 1268; x_wconf 86' lang='lat' dir='ltr'>intendat,</span> <span class='ocrx_word' id='word_1_62' title='bbox 1341 1200 1434 1252; x_wconf 88' lang='lat' dir='ltr'>non</span> <span class='ocrx_word' id='word_1_63' title='bbox 1465 1176 1568 1252; x_wconf 87' lang='lat' dir='ltr'>intro·</span> 
     </span>
     <span class='ocr_line' id='line_1_8' title="bbox 157 1296 699 1387; baseline -0.011 -13"><span class='ocrx_word' id='word_1_64' title='bbox 157 1297 364 1374; x_wconf 85' lang='lat' dir='ltr'>ducendam</span> <span class='ocrx_word' id='word_1_65' title='bbox 383 1321 464 1372; x_wconf 91' lang='grc'><strong>6666</strong></span> <span class='ocrx_word' id='word_1_66' title='bbox 483 1296 699 1387; x_wconf 87' lang='lat' dir='ltr'>actionem.)</span> 
     </span>
    </p>
   </div>
   <div class='ocr_carea' id='block_1_3' title="bbox 745 1431 958 1516">
    <p class='ocr_par' dir='ltr' id='par_1_3' title="bbox 745 1431 958 1516">
     <span class='ocr_line' id='line_1_9' title="bbox 745 1431 958 1516; baseline 0.009 -2"><span class='ocrx_word' id='word_1_67' title='bbox 745 1431 822 1514; x_wconf 73' lang='lat' dir='ltr'>Aa</span> <span class='ocrx_word' id='word_1_68' title='bbox 842 1434 958 1516; x_wconf 79' lang='lat'>0⁷0.</span> 
     </span>
    </p>
   </div>
   <div class='ocr_carea' id='block_1_4' title="bbox 264 1592 1567 1710">
    <p class='ocr_par' dir='ltr' id='par_1_4' title="bbox 264 1592 1567 1710">
     <span class='ocr_line' id='line_1_10' title="bbox 264 1592 1567 1710; baseline 0.007 -33"><span class='ocrx_word' id='word_1_69' title='bbox 264 1601 601 1702; x_wconf 89' lang='lat' dir='ltr'>Harpocratio</span> <span class='ocrx_word' id='word_1_70' title='bbox 631 1625 659 1675; x_wconf 89' lang='grc'>6.</span> <span class='ocrx_word' id='word_1_71' title='bbox 679 1629 714 1675; x_wconf 90' lang='lat' dir='ltr'>v.</span> <span class='ocrx_word' id='word_1_72' title='bbox 744 1592 1009 1695; x_wconf 80' lang='grc' dir='ltr'><em>αὐτομαχεῖν.·</em></span> <span class='ocrx_word' id='word_1_73' title='bbox 1038 1601 1078 1678; x_wconf 88' lang='lat' dir='ltr'>Si</span> <span class='ocrx_word' id='word_1_74' title='bbox 1106 1603 1188 1704; x_wconf 90' lang='lat' dir='ltr'>quis</span> <span class='ocrx_word' id='word_1_75' title='bbox 1207 1615 1362 1682; x_wconf 88' lang='lat' dir='ltr'>testem</span> <span class='ocrx_word' id='word_1_76' title='bbox 1383 1610 1567 1710; x_wconf 83' lang='lat' dir='ltr'>proferat,</span> 
     </span>
    </p>
   </div>
   <div class='ocr_carea' id='block_1_5' title="bbox 36 1727 1569 1836">
    <p class='ocr_par' dir='ltr' id='par_1_5' title="bbox 36 1727 1569 1836">
     <span class='ocr_line' id='line_1_11' title="bbox 36 1727 1569 1836; baseline 0.005 -34"><span class='ocrx_word' id='word_1_77' title='bbox 36 1803 39 1809; x_wconf 79' lang='grc'><strong>,</strong></span> <span class='ocrx_word' id='word_1_78' title='bbox 157 1729 220 1827; x_wconf 91' lang='lat' dir='ltr'>qui</span> <span class='ocrx_word' id='word_1_79' title='bbox 248 1736 538 1822; x_wconf 83' lang='lat' dir='ltr'>contestaretur,</span> <span class='ocrx_word' id='word_1_80' title='bbox 568 1752 719 1804; x_wconf 88' lang='lat' dir='ltr'>causam</span> <span class='ocrx_word' id='word_1_81' title='bbox 747 1727 940 1804; x_wconf 89' lang='lat' dir='ltr'>intendere</span> <span class='ocrx_word' id='word_1_82' title='bbox 968 1752 1037 1828; x_wconf 88' lang='lat' dir='ltr'>per</span> <span class='ocrx_word' id='word_1_83' title='bbox 1064 1729 1167 1826; x_wconf 85' lang='lat' dir='ltr'>leges</span> <span class='ocrx_word' id='word_1_84' title='bbox 1194 1756 1280 1804; x_wconf 90' lang='lat' dir='ltr'>non</span> <span class='ocrx_word' id='word_1_85' title='bbox 1314 1732 1472 1827; x_wconf 89' lang='lat' dir='ltr'>licere,</span> <span class='ocrx_word' id='word_1_86' title='bbox 1501 1735 1569 1836; x_wconf 85' lang='lat' dir='ltr'>ipse</span> 
     </span>
    </p>
   </div>
   <div class='ocr_carea' id='block_1_6' title="bbox 156 1851 1570 2054">
    <p class='ocr_par' dir='ltr' id='par_1_6' title="bbox 156 1851 1570 2054">
     <span class='ocr_line' id='line_1_12' title="bbox 157 1851 1570 1952; baseline 0.008 -26"><span class='ocrx_word' id='word_1_87' title='bbox 157 1851 306 1951; x_wconf 88' lang='lat' dir='ltr'>quidem</span> <span class='ocrx_word' id='word_1_88' title='bbox 334 1877 411 1928; x_wconf 93' lang='lat' dir='ltr'>non</span> <span class='ocrx_word' id='word_1_89' title='bbox 438 1852 599 1952; x_wconf 86' lang='lat' dir='ltr'>amplius</span> <span class='ocrx_word' id='word_1_90' title='bbox 621 1852 765 1952; x_wconf 88' lang='lat' dir='ltr'>judicio</span> <span class='ocrx_word' id='word_1_91' title='bbox 795 1852 1006 1948; x_wconf 85' lang='lat' dir='ltr'>contendit,</span> <span class='ocrx_word' id='word_1_92' title='bbox 1033 1878 1161 1928; x_wconf 89' lang='lat' dir='ltr'>verum</span> <span class='ocrx_word' id='word_1_93' title='bbox 1189 1865 1275 1931; x_wconf 86' lang='lat' dir='ltr'>tota</span> <span class='ocrx_word' id='word_1_94' title='bbox 1307 1856 1361 1934; x_wconf 91' lang='lat' dir='ltr'>lis</span> <span class='ocrx_word' id='word_1_95' title='bbox 1392 1859 1570 1937; x_wconf 67' lang='lat' dir='ltr'>adversus</span> 
     </span>
     <span class='ocr_line' id='line_1_13' title="bbox 156 1987 629 2054; baseline 0 0"><span class='ocrx_word' id='word_1_96' title='bbox 156 1987 428 2054; x_wconf 86' lang='lat' dir='ltr'>contestantem</span> <span class='ocrx_word' id='word_1_97' title='bbox 448 1988 629 2054; x_wconf 88' lang='lat' dir='ltr'>movetur.</span> 
     </span>
    </p>
   </div>
   <div class='ocr_carea' id='block_1_7' title="bbox 747 2114 958 2198">
    <p class='ocr_par' dir='ltr' id='par_1_7' title="bbox 747 2114 958 2198">
     <span class='ocr_line' id='line_1_14' title="bbox 747 2114 958 2198; baseline 0 -1"><span class='ocrx_word' id='word_1_98' title='bbox 747 2114 823 2197; x_wconf 77' lang='lat' dir='ltr'>Ad</span> <span class='ocrx_word' id='word_1_99' title='bbox 842 2117 958 2198; x_wconf 80' lang='lat'>0⁷⁷.</span> 
     </span>
    </p>
   </div>
   <div class='ocr_carea' id='block_1_8' title="bbox 156 2275 1569 3125">
    <p class='ocr_par' dir='ltr' id='par_1_8' title="bbox 156 2275 1569 3125">
     <span class='ocr_line' id='line_1_15' title="bbox 262 2275 1568 2385; baseline 0.003 -27"><span class='ocrx_word' id='word_1_100' title='bbox 262 2279 449 2384; x_wconf 81' lang='lat' dir='ltr'>Anonym.</span> <span class='ocrx_word' id='word_1_101' title='bbox 469 2281 584 2359; x_wconf 90' lang='lat' dir='ltr'>schol.</span> <span class='ocrx_word' id='word_1_102' title='bbox 604 2285 642 2359; x_wconf 93' lang='lat' dir='ltr'>in</span> <span class='ocrx_word' id='word_1_103' title='bbox 662 2294 745 2360; x_wconf 87' lang='lat' dir='ltr'>stat.</span> <span class='ocrx_word' id='word_1_104' title='bbox 765 2309 848 2385; x_wconf 86' lang='lat' dir='ltr'>cap.</span> <span class='ocrx_word' id='word_1_105' title='bbox 870 2283 931 2378; x_wconf 87' lang='lat'>16,</span> <span class='ocrx_word' id='word_1_106' title='bbox 952 2281 995 2358; x_wconf 87' lang='lat'>7:</span> <span class='ocrx_word' id='word_1_107' title='bbox 1026 2275 1254 2355; x_wconf 81' lang='grc' dir='ltr'><em>Εὐθυδικία</em></span> <span class='ocrx_word' id='word_1_108' title='bbox 1289 2289 1380 2360; x_wconf 77' lang='grc' dir='ltr'><em>ἐστι</em></span> <span class='ocrx_word' id='word_1_109' title='bbox 1417 2285 1468 2364; x_wconf 72' lang='lat' dir='ltr'>vd</span> <span class='ocrx_word' id='word_1_110' title='bbox 1489 2295 1568 2363; x_wconf 72' lang='grc' dir='ltr'><em>κατ’</em></span> 
     </span>
     <span class='ocr_line' id='line_1_16' title="bbox 156 2399 1568 2514; baseline 0.006 -31"><span class='ocrx_word' id='word_1_111' title='bbox 156 2400 260 2484; x_wconf 77' lang='grc' dir='ltr'>εὐθύ</span> <span class='ocrx_word' id='word_1_112' title='bbox 280 2402 342 2497; x_wconf 76' lang='grc' dir='ltr'>τῆς</span> <span class='ocrx_word' id='word_1_113' title='bbox 362 2403 471 2496; x_wconf 76' lang='grc' dir='ltr'><em>δίκης</em></span> <span class='ocrx_word' id='word_1_114' title='bbox 491 2410 612 2495; x_wconf 81' lang='grc' dir='ltr'><em>ι’ίναι,</em></span> <span class='ocrx_word' id='word_1_115' title='bbox 641 2411 710 2480; x_wconf 86' lang='grc' dir='ltr'>καί</span> <span class='ocrx_word' id='word_1_116' title='bbox 734 2401 787 2504; x_wconf 72' lang='grc' dir='ltr'>μὴ</span> <span class='ocrx_word' id='word_1_117' title='bbox 813 2403 943 2503; x_wconf 91' lang='grc' dir='ltr'><em>μόνον</em></span> <span class='ocrx_word' id='word_1_118' title='bbox 972 2399 1049 2479; x_wconf 81' lang='grc' dir='ltr'>ἀπὸ</span> <span class='ocrx_word' id='word_1_119' title='bbox 1079 2405 1152 2481; x_wconf 75' lang='grc' dir='ltr'>τοὺ</span> <span class='ocrx_word' id='word_1_120' title='bbox 1181 2405 1319 2506; x_wconf 86' lang='grc' dir='ltr'><em>νόμου</em></span> <span class='ocrx_word' id='word_1_121' title='bbox 1343 2414 1568 2514; x_wconf 78' lang='grc' dir='ltr'><em>προβάλλε-</em></span> 
     </span>
     <span class='ocr_line' id='line_1_17' title="bbox 157 2525 1569 2642; baseline 0.004 -33"><span class='ocrx_word' id='word_1_122' title='bbox 157 2539 253 2609; x_wconf 81' lang='grc' dir='ltr'><em>σθαι</em></span> <span class='ocrx_word' id='word_1_123' title='bbox 272 2525 427 2621; x_wconf 79' lang='grc' dir='ltr'><em>άδειαν,</em></span> <span class='ocrx_word' id='word_1_124' title='bbox 460 2527 561 2606; x_wconf 87' lang='grc' dir='ltr'><em>άλλά</em></span> <span class='ocrx_word' id='word_1_125' title='bbox 580 2536 649 2606; x_wconf 89' lang='grc' dir='ltr'>καί</span> <span class='ocrx_word' id='word_1_126' title='bbox 670 2527 740 2623; x_wconf 69' lang='grc' dir='ltr'><em>τήν</em></span> <span class='ocrx_word' id='word_1_127' title='bbox 760 2525 837 2604; x_wconf 79' lang='lat' dir='ltr'>aiud</span> <span class='ocrx_word' id='word_1_128' title='bbox 858 2528 935 2606; x_wconf 81' lang='grc' dir='ltr'><em>τῶν</em></span> <span class='ocrx_word' id='word_1_129' title='bbox 954 2528 1188 2635; x_wconf 73' lang='grc' dir='ltr'><em>πραγμάτων</em></span> <span class='ocrx_word' id='word_1_130' title='bbox 1217 2528 1472 2642; x_wconf 84' lang='grc' dir='ltr'><em>ἀπολογίαν</em></span> <span class='ocrx_word' id='word_1_131' title='bbox 1491 2572 1569 2617; x_wconf 89' lang='grc' dir='ltr'><em>ποι-</em></span> 
     </span>
     <span class='ocr_line' id='line_1_18' title="bbox 156 2660 1569 2779; baseline 0.008 -45"><span class='ocrx_word' id='word_1_132' title='bbox 156 2665 297 2738; x_wconf 78' lang='grc' dir='ltr'><em>εῖσθαι.</em></span> <span class='ocrx_word' id='word_1_133' title='bbox 337 2662 510 2779; x_wconf 73' lang='grc' dir='ltr'><strong>(Β166666</strong></span> <span class='ocrx_word' id='word_1_134' title='bbox 533 2660 629 2763; x_wconf 88' lang='lat' dir='ltr'>juris</span> <span class='ocrx_word' id='word_1_135' title='bbox 659 2661 739 2753; x_wconf 90' lang='lat' dir='ltr'>via,</span> <span class='ocrx_word' id='word_1_136' title='bbox 769 2685 834 2735; x_wconf 88' lang='lat' dir='ltr'>seu</span> <span class='ocrx_word' id='word_1_137' title='bbox 864 2661 1107 2736; x_wconf 87' lang='lat' dir='ltr'>accusationis</span> <span class='ocrx_word' id='word_1_138' title='bbox 1132 2661 1340 2762; x_wconf 90' lang='lat' dir='ltr'>depulsio,</span> <span class='ocrx_word' id='word_1_139' title='bbox 1374 2679 1442 2744; x_wconf 90' lang='lat' dir='ltr'>est</span> <span class='ocrx_word' id='word_1_140' title='bbox 1464 2698 1569 2771; x_wconf 89' lang='lat' dir='ltr'>quum</span> 
     </span>
     <span class='ocr_line' id='line_1_19' title="bbox 156 2785 1567 2893; baseline 0.002 -29"><span class='ocrx_word' id='word_1_141' title='bbox 156 2786 296 2863; x_wconf 91' lang='lat' dir='ltr'>directe</span> <span class='ocrx_word' id='word_1_142' title='bbox 315 2796 445 2861; x_wconf 90' lang='lat' dir='ltr'>contra</span> <span class='ocrx_word' id='word_1_143' title='bbox 473 2785 749 2862; x_wconf 86' lang='lat' dir='ltr'>accusationem</span> <span class='ocrx_word' id='word_1_144' title='bbox 780 2785 1014 2887; x_wconf 88' lang='lat' dir='ltr'>proceditur,</span> <span class='ocrx_word' id='word_1_145' title='bbox 1045 2793 1082 2861; x_wconf 89' lang='lat' dir='ltr'>et</span> <span class='ocrx_word' id='word_1_146' title='bbox 1100 2810 1176 2860; x_wconf 91' lang='lat' dir='ltr'>non</span> <span class='ocrx_word' id='word_1_147' title='bbox 1195 2787 1333 2866; x_wconf 89' lang='lat' dir='ltr'>solum</span> <span class='ocrx_word' id='word_1_148' title='bbox 1353 2817 1377 2867; x_wconf 87' lang='lat' dir='ltr'>e</span> <span class='ocrx_word' id='word_1_149' title='bbox 1397 2791 1493 2893; x_wconf 82' lang='lat' dir='ltr'>lege</span> <span class='ocrx_word' id='word_1_150' title='bbox 1511 2796 1567 2869; x_wconf 87' lang='lat' dir='ltr'>in-</span> 
     </span>
     <span class='ocr_line' id='line_1_20' title="bbox 156 2909 1567 3022; baseline 0.006 -34"><span class='ocrx_word' id='word_1_151' title='bbox 156 2911 317 2988; x_wconf 87' lang='lat' dir='ltr'>munitas</span> <span class='ocrx_word' id='word_1_152' title='bbox 338 2910 447 3004; x_wconf 88' lang='lat' dir='ltr'>facti,</span> <span class='ocrx_word' id='word_1_153' title='bbox 477 2909 580 3010; x_wconf 89' lang='lat' dir='ltr'>cujus</span> <span class='ocrx_word' id='word_1_154' title='bbox 600 2935 837 3005; x_wconf 88' lang='lat' dir='ltr'>accusamur,</span> <span class='ocrx_word' id='word_1_155' title='bbox 866 2910 1096 3003; x_wconf 85' lang='lat' dir='ltr'>defenditur,</span> <span class='ocrx_word' id='word_1_156' title='bbox 1115 2910 1181 2986; x_wconf 91' lang='lat' dir='ltr'>sed</span> <span class='ocrx_word' id='word_1_157' title='bbox 1200 2922 1240 2987; x_wconf 92' lang='lat' dir='ltr'>et</span> <span class='ocrx_word' id='word_1_158' title='bbox 1259 2916 1391 2994; x_wconf 88' lang='lat' dir='ltr'>etiam</span> <span class='ocrx_word' id='word_1_159' title='bbox 1413 2945 1466 2998; x_wconf 84' lang='lat' dir='ltr'>ex</span> <span class='ocrx_word' id='word_1_160' title='bbox 1485 2920 1567 3022; x_wconf 86' lang='lat' dir='ltr'>ipsis</span> 
     </span>
     <span class='ocr_line' id='line_1_21' title="bbox 156 3034 675 3125; baseline -0.006 -12"><span class='ocrx_word' id='word_1_161' title='bbox 156 3035 267 3113; x_wconf 87' lang='lat' dir='ltr'>rebus</span> <span class='ocrx_word' id='word_1_162' title='bbox 285 3036 454 3110; x_wconf 86' lang='lat' dir='ltr'>hauritur</span> <span class='ocrx_word' id='word_1_163' title='bbox 473 3034 675 3125; x_wconf 87' lang='lat' dir='ltr'>defensio.)</span> 
     </span>
    </p>
   </div>
   <div class='ocr_carea' id='block_1_9' title="bbox 264 3177 1386 3281">
    <p class='ocr_par' dir='ltr' id='par_1_9' title="bbox 264 3177 1386 3281">
     <span class='ocr_line' id='line_1_22' title="bbox 264 3177 1386 3281; baseline 0.011 -28"><span class='ocrx_word' id='word_1_164' title='bbox 264 3179 418 3253; x_wconf 88' lang='lat' dir='ltr'>Directa</span> <span class='ocrx_word' id='word_1_165' title='bbox 430 3177 526 3280; x_wconf 90' lang='lat' dir='ltr'>juris</span> <span class='ocrx_word' id='word_1_166' title='bbox 546 3178 608 3252; x_wconf 91' lang='lat' dir='ltr'>via</span> <span class='ocrx_word' id='word_1_167' title='bbox 626 3178 740 3277; x_wconf 84' lang='lat' dir='ltr'>igitur</span> <span class='ocrx_word' id='word_1_168' title='bbox 759 3203 835 3254; x_wconf 93' lang='lat' dir='ltr'>non</span> <span class='ocrx_word' id='word_1_169' title='bbox 856 3180 1008 3256; x_wconf 88' lang='lat' dir='ltr'>recurrit</span> <span class='ocrx_word' id='word_1_170' title='bbox 1026 3179 1074 3256; x_wconf 87' lang='lat' dir='ltr'>ad</span> <span class='ocrx_word' id='word_1_171' title='bbox 1093 3182 1386 3281; x_wconf 81' lang='lat' dir='ltr'>exceptionem.</span> 
     </span>
    </p>
   </div>
   <div class='ocr_carea' id='block_1_10' title="bbox 146 3312 1565 3800">
    <p class='ocr_par' dir='ltr' id='par_1_10' title="bbox 146 3312 1565 3550">
     <span class='ocr_line' id='line_1_23' title="bbox 264 3312 1565 3427; baseline 0.012 -30"><span class='ocrx_word' id='word_1_172' title='bbox 264 3320 398 3397; x_wconf 84' lang='lat' dir='ltr'>Suidas</span> <span class='ocrx_word' id='word_1_173' title='bbox 417 3349 445 3397; x_wconf 88' lang='lat' dir='ltr'>s.</span> <span class='ocrx_word' id='word_1_174' title='bbox 466 3348 499 3397; x_wconf 94' lang='lat' dir='ltr'>v.</span> <span class='ocrx_word' id='word_1_175' title='bbox 520 3312 771 3394; x_wconf 74' lang='lat' dir='ltr'>Eddvdmla:</span> <span class='ocrx_word' id='word_1_176' title='bbox 800 3319 896 3398; x_wconf 79' lang='lat' dir='ltr'>(lum</span> <span class='ocrx_word' id='word_1_177' title='bbox 925 3323 1006 3422; x_wconf 90' lang='lat' dir='ltr'>quis</span> <span class='ocrx_word' id='word_1_178' title='bbox 1034 3323 1073 3397; x_wconf 94' lang='lat' dir='ltr'>in</span> <span class='ocrx_word' id='word_1_179' title='bbox 1096 3325 1159 3425; x_wconf 91' lang='lat' dir='ltr'>jus</span> <span class='ocrx_word' id='word_1_180' title='bbox 1187 3339 1385 3427; x_wconf 88' lang='lat' dir='ltr'>vocatur,</span> <span class='ocrx_word' id='word_1_181' title='bbox 1419 3362 1565 3412; x_wconf 88' lang='lat' dir='ltr'>eausam</span> 
     </span>
     <span class='ocr_line' id='line_1_24' title="bbox 146 3442 1563 3550; baseline 0.005 -27"><span class='ocrx_word' id='word_1_182' title='bbox 146 3447 315 3524; x_wconf 89' lang='lat' dir='ltr'>dicturus</span> <span class='ocrx_word' id='word_1_183' title='bbox 330 3446 377 3521; x_wconf 90' lang='lat' dir='ltr'>de</span> <span class='ocrx_word' id='word_1_184' title='bbox 391 3474 432 3524; x_wconf 90' lang='lat' dir='ltr'>re</span> <span class='ocrx_word' id='word_1_185' title='bbox 447 3447 487 3522; x_wconf 93' lang='lat' dir='ltr'>in</span> <span class='ocrx_word' id='word_1_186' title='bbox 500 3447 643 3548; x_wconf 88' lang='lat' dir='ltr'>judicio</span> <span class='ocrx_word' id='word_1_187' title='bbox 663 3447 832 3524; x_wconf 91' lang='lat' dir='ltr'>nondum</span> <span class='ocrx_word' id='word_1_188' title='bbox 852 3450 1067 3550; x_wconf 90' lang='lat' dir='ltr'>disceptata,</span> <span class='ocrx_word' id='word_1_189' title='bbox 1087 3450 1125 3526; x_wconf 91' lang='lat' dir='ltr'>id</span> <span class='ocrx_word' id='word_1_190' title='bbox 1143 3442 1376 3528; x_wconf 77' lang='grc' dir='ltr'><em>εὐθυδικία</em></span> <span class='ocrx_word' id='word_1_191' title='bbox 1400 3475 1563 3538; x_wconf 77' lang='lat' dir='ltr'>vocatur.</span> 
     </span>
    </p>

    <p class='ocr_par' dir='ltr' id='par_1_11' title="bbox 156 3571 1563 3800">
     <span class='ocr_line' id='line_1_25' title="bbox 259 3571 1563 3680; baseline 0.011 -30"><span class='ocrx_word' id='word_1_192' title='bbox 259 3571 315 3650; x_wconf 81' lang='lat' dir='ltr'>Os.</span> <span class='ocrx_word' id='word_1_193' title='bbox 338 3571 496 3672; x_wconf 83' lang='lat' dir='ltr'>Gregor.</span> <span class='ocrx_word' id='word_1_194' title='bbox 517 3571 685 3649; x_wconf 79' lang='lat' dir='ltr'>Corinth.</span> <span class='ocrx_word' id='word_1_195' title='bbox 705 3572 753 3649; x_wconf 91' lang='lat' dir='ltr'>ad</span> <span class='ocrx_word' id='word_1_196' title='bbox 771 3573 999 3674; x_wconf 83' lang='lat' dir='ltr'>Hermogen.</span> <span class='ocrx_word' id='word_1_197' title='bbox 1028 3572 1190 3652; x_wconf 92' lang='lat' dir='ltr'>method.</span> <span class='ocrx_word' id='word_1_198' title='bbox 1222 3578 1430 3680; x_wconf 83' lang='lat' dir='ltr'>eloquent</span> <span class='ocrx_word' id='word_1_199' title='bbox 1454 3588 1563 3664; x_wconf 83' lang='lat'>1120.</span> 
     </span>
     <span class='ocr_line' id='line_1_26' title="bbox 156 3698 293 3800; baseline -0.029 -23"><span class='ocrx_word' id='word_1_200' title='bbox 156 3725 236 3800; x_wconf 90' lang='lat' dir='ltr'>cap.</span> <span class='ocrx_word' id='word_1_201' title='bbox 258 3698 293 3774; x_wconf 80' lang='lat'>2.</span> 
     </span>
    </p>
   </div>
   <div class='ocr_carea' id='block_1_11' title="bbox 742 3798 955 3883">
    <p class='ocr_par' dir='ltr' id='par_1_12' title="bbox 742 3798 955 3883">
     <span class='ocr_line' id='line_1_27' title="bbox 742 3798 955 3883; baseline 0.009 -2"><span class='ocrx_word' id='word_1_202' title='bbox 742 3798 819 3882; x_wconf 78' lang='lat' dir='ltr'>Ad</span> <span class='ocrx_word' id='word_1_203' title='bbox 839 3801 955 3883; x_wconf 78' lang='grc'><strong>078.</strong></span> 
     </span>
    </p>
   </div>
   <div class='ocr_carea' id='block_1_12' title="bbox 150 3957 1564 4824">
    <p class='ocr_par' dir='ltr' id='par_1_13' title="bbox 150 3957 1564 4824">
     <span class='ocr_line' id='line_1_28' title="bbox 261 3957 1564 4068; baseline 0.005 -26"><span class='ocrx_word' id='word_1_204' title='bbox 261 3965 454 4042; x_wconf 90' lang='lat' dir='ltr'>Demosth.</span> <span class='ocrx_word' id='word_1_205' title='bbox 483 3991 513 4040; x_wconf 93' lang='lat' dir='ltr'>c.</span> <span class='ocrx_word' id='word_1_206' title='bbox 543 3964 761 4043; x_wconf 85' lang='lat' dir='ltr'>Androtion.</span> <span class='ocrx_word' id='word_1_207' title='bbox 793 3965 890 4042; x_wconf 83' lang='lat'>600:</span> <span class='ocrx_word' id='word_1_208' title='bbox 909 3957 1098 4068; x_wconf 77' lang='grc' dir='ltr'><em>’Ἔλεγχὸς</em></span> <span class='ocrx_word' id='word_1_209' title='bbox 1126 3971 1252 4058; x_wconf 78' lang='grc' dir='ltr'><em>ἐστιν,</em></span> <span class='ocrx_word' id='word_1_210' title='bbox 1288 3966 1401 4050; x_wconf 80' lang='grc' dir='ltr'><em>ὅταν</em></span> <span class='ocrx_word' id='word_1_211' title='bbox 1432 3967 1492 4056; x_wconf 71' lang='grc' dir='ltr'><em>ὦν</em></span> <span class='ocrx_word' id='word_1_212' title='bbox 1519 3973 1564 4055; x_wconf 74' lang='grc' dir='ltr'><em>ἄν</em></span> 
     </span>
     <span class='ocr_line' id='line_1_29' title="bbox 155 4080 1563 4212; baseline -0.001 -48"><span class='ocrx_word' id='word_1_213' title='bbox 155 4091 242 4186; x_wconf 81' lang='grc' dir='ltr'><em>εἴπῃ</em></span> <span class='ocrx_word' id='word_1_214' title='bbox 261 4120 337 4179; x_wconf 74' lang='grc' dir='ltr'><em>τις,</em></span> <span class='ocrx_word' id='word_1_215' title='bbox 358 4091 427 4161; x_wconf 85' lang='grc' dir='ltr'>καί</span> <span class='ocrx_word' id='word_1_216' title='bbox 446 4082 608 4176; x_wconf 77' lang='grc' dir='ltr'><em>τάληθὲς</em></span> <span class='ocrx_word' id='word_1_217' title='bbox 628 4080 730 4185; x_wconf 82' lang='grc' dir='ltr'>δμοῦ</span> <span class='ocrx_word' id='word_1_218' title='bbox 753 4084 876 4185; x_wconf 80' lang='grc' dir='ltr'><em>δείξῃ·</em></span> <span class='ocrx_word' id='word_1_219' title='bbox 898 4090 976 4164; x_wconf 69' lang='grc' dir='ltr'><em>ἔστι</em></span> <span class='ocrx_word' id='word_1_220' title='bbox 995 4094 1134 4166; x_wconf 79' lang='grc' dir='ltr'><em>τοίνυν</em></span> <span class='ocrx_word' id='word_1_221' title='bbox 1154 4087 1318 4197; x_wconf 76' lang='grc' dir='ltr'><em>ἀνάγκη</em></span> <span class='ocrx_word' id='word_1_222' title='bbox 1340 4101 1444 4194; x_wconf 80' lang='grc' dir='ltr'>τούς</span> <span class='ocrx_word' id='word_1_223' title='bbox 1464 4113 1563 4212; x_wconf 74' lang='grc' dir='ltr'><em>ἐλέγ-</em></span> 
     </span>
     <span class='ocr_line' id='line_1_30' title="bbox 150 4203 1564 4325; baseline 0.016 -36"><span class='ocrx_word' id='word_1_224' title='bbox 150 4244 298 4311; x_wconf 61' lang='grc' dir='ltr'><em>,νοντας</em></span> <span class='ocrx_word' id='word_1_225' title='bbox 322 4208 548 4312; x_wconf 77' lang='grc' dir='ltr'><em>ἢτεκμήρια</em></span> <span class='ocrx_word' id='word_1_226' title='bbox 578 4209 798 4302; x_wconf 77' lang='grc' dir='ltr'><em>δεικνύναι,</em></span> <span class='ocrx_word' id='word_1_227' title='bbox 829 4211 878 4287; x_wconf 92' lang='grc' dir='ltr'>δι’</span> <span class='ocrx_word' id='word_1_228' title='bbox 909 4203 964 4288; x_wconf 73' lang='lat' dir='ltr'>oia</span> <span class='ocrx_word' id='word_1_229' title='bbox 992 4214 1229 4314; x_wconf 79' lang='grc' dir='ltr'><em>ἐμφανιοῦσι</em></span> <span class='ocrx_word' id='word_1_230' title='bbox 1259 4219 1313 4297; x_wconf 82' lang='grc' dir='ltr'>τὸ</span> <span class='ocrx_word' id='word_1_231' title='bbox 1346 4230 1564 4325; x_wconf 59' lang='lat' dir='ltr'>acerrimi</span> 
     </span>
     <span class='ocr_line' id='line_1_31' title="bbox 155 4334 1563 4458; baseline 0.019 -45"><span class='ocrx_word' id='word_1_232' title='bbox 155 4337 201 4413; x_wconf 84' lang='grc' dir='ltr'>τά</span> <span class='ocrx_word' id='word_1_233' title='bbox 231 4337 366 4413; x_wconf 80' lang='grc' dir='ltr'><em>εἰκότα</em></span> <span class='ocrx_word' id='word_1_234' title='bbox 393 4336 577 4437; x_wconf 80' lang='grc' dir='ltr'><em>φράζειν,</em></span> <span class='ocrx_word' id='word_1_235' title='bbox 608 4334 631 4428; x_wconf 73' lang='lat' dir='ltr'>’l</span> <span class='ocrx_word' id='word_1_236' title='bbox 654 4336 850 4438; x_wconf 83' lang='grc' dir='ltr'><em>μάρτυρας</em></span> <span class='ocrx_word' id='word_1_237' title='bbox 889 4345 1136 4440; x_wconf 77' lang='grc' dir='ltr'><em>παρέχεσθαι.</em></span> <span class='ocrx_word' id='word_1_238' title='bbox 1177 4347 1397 4438; x_wconf 86' lang='lat' dir='ltr'>(Probatio</span> <span class='ocrx_word' id='word_1_239' title='bbox 1431 4375 1509 4458; x_wconf 89' lang='lat' dir='ltr'>est,</span> <span class='ocrx_word' id='word_1_240' title='bbox 1536 4364 1563 4438; x_wconf 89' lang='lat' dir='ltr'>si</span> 
     </span>
     <span class='ocr_line' id='line_1_32' title="bbox 155 4466 1563 4587; baseline 0.018 -46"><span class='ocrx_word' id='word_1_241' title='bbox 155 4469 352 4566; x_wconf 87' lang='lat' dir='ltr'>quisquae</span> <span class='ocrx_word' id='word_1_242' title='bbox 381 4466 488 4559; x_wconf 90' lang='lat' dir='ltr'>dicit,</span> <span class='ocrx_word' id='word_1_243' title='bbox 517 4494 561 4543; x_wconf 89' lang='lat' dir='ltr'>ea</span> <span class='ocrx_word' id='word_1_244' title='bbox 589 4468 701 4542; x_wconf 90' lang='lat' dir='ltr'>etiam</span> <span class='ocrx_word' id='word_1_245' title='bbox 729 4492 820 4543; x_wconf 88' lang='lat' dir='ltr'>vcra</span> <span class='ocrx_word' id='word_1_246' title='bbox 850 4494 929 4545; x_wconf 89' lang='lat' dir='ltr'>esse</span> <span class='ocrx_word' id='word_1_247' title='bbox 958 4471 1129 4546; x_wconf 90' lang='lat' dir='ltr'>ostendit.</span> <span class='ocrx_word' id='word_1_248' title='bbox 1168 4471 1345 4555; x_wconf 89' lang='lat' dir='ltr'>Necesse</span> <span class='ocrx_word' id='word_1_249' title='bbox 1368 4497 1434 4561; x_wconf 90' lang='lat' dir='ltr'>est</span> <span class='ocrx_word' id='word_1_250' title='bbox 1455 4488 1563 4587; x_wconf 85' lang='lat' dir='ltr'>igitur</span> 
     </span>
     <span class='ocr_line' id='line_1_33' title="bbox 155 4593 1562 4700; baseline 0.016 -31"><span class='ocrx_word' id='word_1_251' title='bbox 155 4618 219 4669; x_wconf 90' lang='lat' dir='ltr'>eos</span> <span class='ocrx_word' id='word_1_252' title='bbox 239 4593 301 4693; x_wconf 88' lang='lat' dir='ltr'>qni</span> <span class='ocrx_word' id='word_1_253' title='bbox 321 4594 485 4694; x_wconf 87' lang='lat' dir='ltr'>probant</span> <span class='ocrx_word' id='word_1_254' title='bbox 503 4605 567 4670; x_wconf 90' lang='lat' dir='ltr'>aut</span> <span class='ocrx_word' id='word_1_255' title='bbox 585 4597 815 4693; x_wconf 81' lang='lat' dir='ltr'>argumentis</span> <span class='ocrx_word' id='word_1_256' title='bbox 843 4597 910 4670; x_wconf 89' lang='lat' dir='ltr'>niti</span> <span class='ocrx_word' id='word_1_257' title='bbox 930 4623 999 4700; x_wconf 87' lang='lat' dir='ltr'>per</span> <span class='ocrx_word' id='word_1_258' title='bbox 1018 4623 1112 4698; x_wconf 90' lang='lat' dir='ltr'>quae</span> <span class='ocrx_word' id='word_1_259' title='bbox 1131 4599 1184 4673; x_wconf 91' lang='lat' dir='ltr'>rei</span> <span class='ocrx_word' id='word_1_260' title='bbox 1204 4603 1425 4688; x_wconf 90' lang='lat' dir='ltr'>veritatem</span> <span class='ocrx_word' id='word_1_261' title='bbox 1446 4615 1562 4693; x_wconf 90' lang='lat' dir='ltr'>decla·</span> 
     </span>
     <span class='ocr_line' id='line_1_34' title="bbox 153 4720 1298 4824; baseline 0.009 -31"><span class='ocrx_word' id='word_1_262' title='bbox 153 4728 257 4813; x_wconf 88' lang='lat' dir='ltr'>rent,</span> <span class='ocrx_word' id='word_1_263' title='bbox 287 4730 352 4795; x_wconf 90' lang='lat' dir='ltr'>aut</span> <span class='ocrx_word' id='word_1_264' title='bbox 371 4720 585 4797; x_wconf 90' lang='lat' dir='ltr'>verisimilia</span> <span class='ocrx_word' id='word_1_265' title='bbox 604 4723 758 4815; x_wconf 86' lang='lat' dir='ltr'>afferre,</span> <span class='ocrx_word' id='word_1_266' title='bbox 788 4735 851 4799; x_wconf 90' lang='lat' dir='ltr'>aut</span> <span class='ocrx_word' id='word_1_267' title='bbox 870 4724 1076 4824; x_wconf 88' lang='lat' dir='ltr'>producere</span> <span class='ocrx_word' id='word_1_268' title='bbox 1096 4729 1243 4819; x_wconf 81' lang='lat' dir='ltr'>testes.)</span> <span class='ocrx_word' id='word_1_269' title='bbox 1297 4739 1298 4742; x_wconf 76' lang='grc'>’</span> 
     </span>
    </p>
   </div>
   <div class='ocr_carea' id='block_1_13' title="bbox 740 4932 951 5018">
    <p class='ocr_par' dir='ltr' id='par_1_14' title="bbox 740 4932 951 5018">
     <span class='ocr_line' id='line_1_35' title="bbox 740 4932 951 5018; baseline 0.014 -3"><span class='ocrx_word' id='word_1_270' title='bbox 740 4932 817 5015; x_wconf 78' lang='lat' dir='ltr'>Ad</span> <span class='ocrx_word' id='word_1_271' title='bbox 835 4935 951 5018; x_wconf 77' lang='lat'>082.</span> 
     </span>
    </p>
   </div>
   <div class='ocr_carea' id='block_1_14' title="bbox 260 5096 1563 5219">
    <p class='ocr_par' dir='ltr' id='par_1_15' title="bbox 260 5096 1563 5219">
     <span class='ocr_line' id='line_1_36' title="bbox 260 5096 1563 5219; baseline 0.015 -44"><span class='ocrx_word' id='word_1_272' title='bbox 260 5096 469 5175; x_wconf 88' lang='lat' dir='ltr'>Secundum</span> <span class='ocrx_word' id='word_1_273' title='bbox 488 5096 646 5196; x_wconf 85' lang='lat' dir='ltr'>Leges</span> <span class='ocrx_word' id='word_1_274' title='bbox 671 5100 900 5176; x_wconf 90' lang='lat' dir='ltr'>Platonis</span> <span class='ocrx_word' id='word_1_275' title='bbox 926 5102 1037 5197; x_wconf 85' lang='lat'>(937,</span> <span class='ocrx_word' id='word_1_276' title='bbox 1059 5102 1132 5195; x_wconf 79' lang='lat' dir='ltr'>A):</span> <span class='ocrx_word' id='word_1_277' title='bbox 1161 5104 1192 5182; x_wconf 89' lang='lat' dir='ltr'>si</span> <span class='ocrx_word' id='word_1_278' title='bbox 1211 5108 1305 5208; x_wconf 85' lang='lat' dir='ltr'>quis</span> <span class='ocrx_word' id='word_1_279' title='bbox 1317 5112 1563 5219; x_wconf 73' lang='lat' dir='ltr'>judicantem</span> 
     </span>
    </p>
   </div>
   <div class='ocr_carea' id='block_1_15' title="bbox 0 0 1706 5782">
    <p class='ocr_par' dir='ltr' id='par_1_16' title="bbox 0 0 1706 5782">
     <span class='ocr_line' id='line_1_37' title="bbox 0 0 1706 5782; baseline 0 1"><span class='ocrx_word' id='word_1_280' title='bbox 0 0 1706 5782; x_wconf 95' lang='lat' dir='ltr'> </span> 
     </span>
    </p>
   </div>
  </div>
 </body>
</html>
