3436 5790
510 410 819 466 commeruimus
837 407 891 460 nn
913 406 993 464 uer.
1014 404 1094 465 rua.
1115 405 1194 466 rus.
1468 388 1547 464 tlt

191 626 195 657 ³
274 602 477 681 Confirmat
496 604 567 678 hoc
587 605 697 682 etiam
718 601 825 681 Plato
843 601 955 693 (Hirr.
974 628 1010 702 p.
1031 601 1151 695 315);
1173 603 1208 674 οἱ
1229 658 1283 677 ...
1307 597 1543 698 codrogos

160 733 227 802 καὶ
258 729 433 803 ἔθαπτον
463 733 505 802 ἐν
534 726 578 824 τῇ
610 729 719 827 οἰκίᾳ
749 723 839 812 τούς
867 721 1164 814 ἀποθανόντας·
1199 717 1301 823 ἡμεῖς
1331 725 1369 802 δὲ
1397 721 1548 802 τούτων

163 849 279 930 οὐδὲν
300 851 496 950 ποιοῦμεν.

268 998 343 1075 Sed
362 1000 556 1101 Lycurgus
576 998 677 1099 apud
694 996 1013 1075 Lacedaemonios
1031 1000 1199 1074 mortuos
1218 997 1315 1074 intra
1333 997 1464 1073 urbem
1483 998 1547 1077 hu·

161 1124 273 1217 mari,
302 1133 614 1224 monumentaque
643 1148 762 1224 prope
792 1123 934 1224 templa
962 1123 1052 1223 poni
1082 1150 1157 1200 non
1183 1122 1393 1223 prohibuit:
1422 1119 1547 1223 hujus·

160 1249 260 1326 modi
291 1249 513 1351 spectaculis
542 1248 798 1325 adolescentes
827 1247 1104 1339 adsuefaciens,
1142 1274 1189 1323 ne
1218 1249 1346 1326 mortis
1376 1247 1546 1325 recorda-

161 1375 261 1451 tione
282 1373 609 1475 perturbarentur,
639 1397 791 1474 eamque
811 1398 859 1449 ne
878 1374 1137 1464 exhorrerent,
1169 1375 1274 1474 quasi
1295 1400 1377 1466 eos,
1405 1373 1466 1473 qui
1487 1399 1546 1449 ca-

161 1499 276 1577 daver
303 1501 533 1600 tetigissent,
564 1512 629 1577 aut
656 1525 724 1602 per
752 1500 990 1601 sepulchrum
1017 1499 1272 1592 transiissent,
1307 1499 1547 1600 polluentem.

163 1625 431 1716 (Plutarch.
459 1628 662 1729 Lycurg.
688 1626 773 1720 27.)

742 1853 818 1938 Ad
836 1854 980 1938 1442.

267 2020 464 2121 Lycurgus
473 2018 574 2121 apud
585 2019 906 2097 Lacedaemonios
925 2018 1016 2095 nihil
1036 2045 1121 2096 cum
1140 2030 1284 2097 mortuo
1305 2030 1425 2097 terrae
1445 2043 1548 2095 man-

164 2146 244 2224 dari
264 2147 449 2247 permisit,
480 2145 545 2222 sed
575 2145 651 2245 ejus
681 2170 815 2246 corpus
844 2154 989 2222 tanturn
1016 2147 1174 2244 puniceo
1203 2146 1364 2223 amiculo
1394 2154 1433 2220 et
1451 2142 1549 2219 loliis

164 2271 268 2347 oleae
297 2271 507 2348 involutum
536 2270 680 2347 tumulo
708 2272 881 2372 componi
904 2271 1026 2370 jussit.
1069 2271 1204 2346 Mortui
1235 2282 1360 2347 autem
1390 2292 1549 2360 nornen,

160 2396 231 2472 nisi
258 2396 316 2472 vir
344 2398 383 2471 in
413 2394 531 2489 bello,
571 2409 633 2472 aut
661 2396 795 2472 mulier
825 2396 998 2473 sacerdos
1027 2409 1182 2473 mortem
1210 2397 1383 2489 obiisset,
1419 2418 1548 2469 monu-

161 2532 288 2600 mcnto
307 2522 456 2598 inscribi
475 2546 607 2622 passus
624 2548 701 2599 non
722 2533 786 2600 est.
817 2523 1012 2617 (Plutar
1027 2522 1094 2598 ch.
1115 2521 1147 2598 L
1157 2547 1319 2623 yourg.
1340 2519 1424 2613 27.)

739 2768 815 2853 Ar
831 2770 976 2855 14⁴³.

270 2931 379 3009 Hanc
399 2929 548 3033 quidem
567 2932 689 3031 legem
709 2931 817 3009 Plato
844 2934 1021 3035 proponit
1040 2944 1206 3029 tantum,
1235 2932 1301 3009 sed
1324 2934 1401 3010 veri
1430 2932 1549 3010 simile

161 3072 218 3136 est
236 3084 319 3137 eam
340 3083 359 3134 e
373 3058 458 3158 jure
478 3051 606 3134 Attico
626 3057 812 3135 sumsisse.
846 3057 947 3134 Dicit
967 3059 1063 3136 enim
1085 3058 1217 3135 Cicero
1235 3061 1294 3135 De
1314 3058 1479 3159 Legibus
1499 3058 1548 3150 II,

162 3184 232 3261 23:
257 3185 336 3286 jam
365 3193 489 3260 cetera
516 3183 554 3257 in
583 3180 659 3259 XII
688 3180 890 3278 (tabulis),
929 3183 1183 3261 minuendi
1214 3196 1458 3288 sumptus,
1496 3182 1548 3258 la·

161 3309 483 3408 mentationesque
505 3308 666 3402 funeris,
697 3308 880 3385 translata
899 3307 944 3385 de
964 3307 1112 3386 Solonis
1133 3310 1210 3385 fere
1230 3306 1388 3409 legibus.

268 3452 412 3531 Deinde
441 3453 489 3547 ll,
520 3452 592 3526 25:
622 3453 776 3548 Postea,
809 3479 944 3554 quum,
973 3467 1015 3530 ut
1042 3454 1171 3530 scribit
1200 3452 1423 3548 Phalereus,
1452 3478 1548 3530 sum·

163 3590 297 3682 ptuosa
315 3578 396 3654 fieri
415 3577 547 3654 funera
565 3588 603 3654 et
621 3575 876 3656 lamentabilia
900 3581 1104 3682 cepissent,
1134 3579 1282 3656 Solonis
1302 3580 1385 3678 lege
1405 3577 1550 3656 sublata

163 3718 256 3784 sunt.
295 3705 419 3798 Quam
445 3702 568 3802 legem
597 3702 737 3781 eisdem
756 3730 874 3807 prope
895 3704 1019 3782 verbis
1038 3707 1156 3782 nostri
1176 3703 1371 3784 decemviri
1393 3705 1432 3781 in
1452 3702 1549 3781 deci·

163 3858 262 3908 mam
281 3829 448 3907 tabulam
467 3829 718 3931 conjecerunt.
758 3827 855 3906 Nam
874 3828 920 3906 de
940 3829 1059 3908 tribus
1078 3830 1213 3907 riciniis
1233 3842 1271 3906 et
1290 3832 1468 3934 pleraque
1486 3827 1550 3907 illa

164 3957 311 4036 Solonis
330 3966 425 4033 sunt.

270 4101 364 4177 Item
383 4101 431 4191 ΙΙ,
452 4100 524 4174 26:
553 4097 643 4174 Post
661 4098 853 4199 aliquanto
872 4109 1027 4201 propter
1051 4098 1119 4176 has
1145 4098 1428 4201 amplitudines,
1458 4123 1549 4198 quas

161 4228 200 4302 in
220 4224 412 4301 Ceramico
432 4222 619 4316 videmus,
645 4223 730 4324 lege
750 4235 919 4302 sanctum
939 4237 1015 4319 est,
1044 4252 1100 4301 ne
1130 4227 1239 4326 quis
1267 4222 1550 4326 sepulcrum

165 4352 357 4427 faceret
385 4351 670 4449 operosius,
709 4376 851 4450 quarn
889 4350 1016 4450 quod
1045 4351 1208 4427 decem
1236 4350 1458 4428 homines
1487 4350 1546 4428 ef·

164 4477 383 4552 fecerint
411 4474 587 4552 triduo.

270 4620 441 4720 Denique
469 4621 560 4696 satis
588 4629 754 4715 constat,
782 4622 820 4695 in
850 4620 1018 4698 Platonis
1046 4619 1212 4720 Legibus
1239 4619 1356 4696 multa
1378 4620 1548 4696 instituta

164 4745 449 4824 Atheniensium
466 4746 629 4847 reperiri.

272 4886 327 4964 Of.
357 4888 515 4964 Garol.
546 4889 671 4965 Prid.
701 4890 966 4966 Hermann:
1005 4893 1063 4966 De
1101 4891 1269 4989 vestigiis
1297 4889 1548 4965 institutorum

163 5026 350 5129 veterum,
379 5015 556 5114 imprimis
577 5013 787 5091 Atticorum
812 5039 881 5117 per
900 5014 1067 5093 Platonis
1097 5016 1143 5094 de
1163 5016 1328 5115 Legibus
1356 5013 1471 5090 libros
1489 5015 1544 5089 in-

164 5140 354 5242 dagandis
383 5139 597 5241 (Marburgi
621 5140 754 5233 1836.)
