3436 5790
427 373 806 426 commensuratam
828 370 889 422 rra.
911 371 972 426 rso·
994 371 1055 455 res.
1076 372 1138 427 ree.
1161 372 1221 429 rsa.
1243 375 1305 430 ror.
1485 352 1563 431 443
1602 336 1605 341 ’

174 563 413 663 gistratibus,
442 577 520 643 tam
547 578 646 643 sorte
674 592 787 667 quam
814 568 995 668 suffragio
1022 569 1175 660 creatis,
1203 595 1293 647 num
1312 568 1358 646 ad
1376 570 1560 672 imperan-

174 687 263 765 dum
281 689 405 768 idonei
424 703 565 788 essent,
595 717 665 769 nec
684 718 741 769 ne.

762 885 837 970 Ad
863 890 972 972 1⁷8.

279 1029 468 1134 Anonymi
487 1061 630 1134 argum.
651 1036 689 1111 in
707 1036 900 1113 Demosth.
921 1048 1012 1114 orat.
1032 1062 1063 1112 c.
1084 1032 1305 1112 Androtion.
1336 1036 1431 1112 591:
1464 1039 1556 1132 Τρί-

172 1182 236 1241 τος
264 1152 401 1254 νόμος,
432 1155 502 1235 τὸν
530 1151 760 1260 ἡταιρηκότα
783 1156 837 1260 μή
867 1155 1149 1237 πολιτεύεσθαι.
1194 1162 1344 1256 (Tertia
1368 1163 1449 1240 lex:
1485 1166 1559 1258 Qui

170 1281 384 1381 pudicitiam
405 1287 614 1388 prostituit,
644 1314 667 1363 a
685 1288 879 1389 republica
896 1288 1063 1389 gerenda
1081 1287 1298 1381 abstineto.)

759 1500 835 1584 Ad
862 1503 970 1584 100.

277 1643 492 1722 Secundum
520 1646 688 1724 Platonis
716 1647 840 1748 Leges
867 1648 979 1744 (751,
1009 1646 1163 1742 O-D),
1195 1670 1289 1749 opus
1318 1658 1395 1743 est,
1424 1650 1558 1749 utqui

171 1778 271 1846 recte
289 1771 364 1846 sint
391 1771 670 1871 magistratuum
699 1784 901 1876 potestates
927 1773 1073 1866 inituri,
1103 1770 1364 1849 documentum
1384 1772 1555 1848 idoneum

168 1918 253 1970 cum
271 1896 344 1996 ipsi
362 1907 443 1972 tum
460 1924 582 1998 genus
613 1899 844 1998 singulorum
863 1926 886 1975 a
903 1899 1030 2001 pueris
1047 1923 1164 1999 usque
1184 1898 1232 1974 ad
1252 1898 1474 1975 electionem
1492 1898 1555 1975 de-

170 2019 311 2116 derint,
350 2020 485 2101 deinde
521 2025 779 2102 electuros
817 2052 1009 2126 quoque
1049 2021 1271 2101 moribus
1309 2023 1557 2125 legitimis

171 2144 407 2225 educatos
444 2151 697 2251 probeque
735 2151 967 2227 eruditos
1006 2176 1113 2226 esse
1158 2149 1372 2244 debere,
1421 2162 1461 2226 ut
1497 2148 1557 2225 vel

170 2284 384 2351 aversantes
403 2274 463 2351 vel
482 2276 685 2374 probantes
714 2287 812 2353 recte
841 2275 1036 2352 admittere
1056 2285 1093 2351 et
1113 2274 1309 2351 excludere
1337 2276 1482 2375 possint
1501 2273 1555 2349 di-

168 2420 263 2492 gnos
281 2400 433 2477 utrovis.

757 2501 833 2586 Ad
860 2503 969 2587 las.

275 2647 450 2729 Aeschln.
469 2649 634 2752 ctesiph.
655 2647 688 2751 ξ.
711 2650 779 2726 17;
797 2638 950 2734 Ὀὐδείς
968 2653 1071 2724 ἐστιν
1091 2639 1366 2733 ἀνυπεύθυνος
1384 2645 1462 2722 τῶν
1481 2653 1550 2722 καὶ

167 2761 350 2848 ὁπωσοῦν
378 2769 471 2873 πρὸς
498 2769 545 2847 τοὶ
575 2769 693 2849 κοινοὶ
724 2770 1076 2871 προσεληλυθότων.
1106 2776 1248 2868 (Nemo
1267 2785 1324 2853 est
1343 2801 1472 2851 eorum
1491 2778 1554 2877 qui

166 2900 213 2977 ad
234 2900 503 3005 rempublicam
521 2900 856 3005 quomodocunque
876 2902 1119 2995 accesserint,
1144 2898 1423 2978 referendarum
1441 2901 1551 2977 ratio-

168 3050 256 3101 num
269 3027 412 3128 judicio
431 3028 607 3121 solutus.)

272 3150 396 3230 Schol.
414 3153 454 3229 in
474 3153 713 3256 Aristophan.
733 3153 856 3254 Equis.
876 3151 971 3227 822:
993 3148 1040 3224 Oi
1054 3150 1291 3248 χειρέοανπές
1308 3178 1345 3224 τι
1363 3146 1442 3223 τῶν
1459 3178 1549 3224 κοι-

167 3271 246 3349 νῶν
263 3279 331 3349 xci
353 3272 636 3366 διοικήσοντας,
666 3274 744 3350 τῶν
776 3271 1029 3372 ἀνηλωμένων
1050 3271 1262 3374 χρημάτων
1290 3270 1464 3360 εὐθύνας
1482 3281 1550 3351 καὶ

164 3397 373 3505 λογισμούς
392 3399 578 3478 διδοῦσιν.
609 3406 703 3499 (Qui
732 3404 924 3508 publicum
944 3404 1137 3503 negotium
1156 3415 1318 3480 tractant
1338 3415 1375 3480 et
1393 3403 1548 3478 admini-

164 3539 302 3626 strant,
333 3556 579 3633 expensarum
598 3530 841 3634 pecuniarum
860 3531 1022 3609 rationes
1040 3528 1234 3622 reddunt.)

752 3742 828 3825 Ad
853 3744 962 3826 188.

267 3889 399 3992 Lysias
418 3888 501 3967 adv.
523 3888 738 3967 Nicomaoh.
758 3887 791 3991 ξ.
812 3894 856 3966 5:
887 3889 935 3962 Οἱ
958 3888 1033 3986 μὲν
1061 3878 1173 3961 ἄλλοι
1191 3883 1257 3976 τῆς
1276 3874 1408 3961 οὖνῶν
1426 3878 1547 3984 ἀρχῆς

160 4005 262 4085 κατὰ
291 4015 525 4110 πρυτανείαν
553 4010 677 4119 λόγον
705 4009 951 4115 ἀναφέρουσι.
991 4015 1137 4111 (Ceteri
1166 4014 1318 4116 quidem
1345 4015 1401 4090 sui
1429 4015 1548 4111 magi·

161 4150 296 4216 stratus
314 4167 391 4217 una
408 4167 554 4243 quaque
572 4143 749 4245 prytanis
767 4145 931 4222 rationes
949 4142 1148 4236 referunt.)

751 4354 827 4439 Ad
852 4356 961 4439 100.

267 4496 389 4576 Schol.
409 4501 447 4574 in
467 4499 641 4579 Aeschin.
662 4501 847 4581 Timarch.
870 4503 939 4584 19:
971 4501 1018 4576 Oi
1047 4502 1158 4575 ἐννέα
1182 4490 1368 4597 ἄρχοντες
1382 4492 1480 4595 μετὰ
1498 4494 1544 4581 ,cri

159 4626 330 4712 ἐξελθεῖν
348 4629 394 4698 ἐκ
412 4622 477 4713 τῆς
495 4617 615 4720 ἀρχῆς
639 4619 911 4731 Ἀρεοπαγῖται
930 4628 1120 4730 γίνονται.
1159 4628 1328 4720 (Novem
1347 4625 1545 4719 archontes

158 4763 242 4851 post
261 4778 452 4850 egressum
471 4777 491 4827 e
512 4753 728 4850 magistratu
749 4756 844 4831 fiunt
862 4754 1147 4855 Areopagitae.)

748 4965 824 5049 Ad
850 4966 958 5048 107.

264 5112 388 5190 Schol.
413 5113 452 5190 iu
473 5110 644 5192 Aeschin.
665 5113 847 5191 Timarch.
872 5113 940 5187 19:
972 5110 1018 5184 Οἱ
1047 5112 1159 5186 ἐννέα
1186 5100 1369 5208 ἄρχοντες
1400 5107 1541 5198 στέῳασ
