3436 5790
526 374 836 428 eoumssrsmos
856 371 909 423 sn
930 368 1009 424 1555.
1029 365 1111 425 roos.
1132 366 1210 425 rsos.
1305 329 1309 340 ’
1487 352 1572 436 535

175 584 254 636 non
272 561 383 639 videt.
422 564 585 642 Nolebat
601 564 718 643 Solon
735 564 905 644 fraudem
923 565 1099 665 ouiqu'am
1124 563 1205 640 fieri
1224 565 1273 640 ab
1293 567 1470 646 55515515.
1507 571 1568 648 Its

174 686 273 785 apud
302 711 371 763 nos
399 688 483 788 lege
513 699 666 768 oavetur
692 715 739 768 ne
767 683 1032 775 studeborol,
1063 698 1104 765 ut
1130 687 1327 792 loquamur
1355 720 1428 796 quo
1452 697 1567 775 modo

174 834 389 911 possumus,
418 816 578 895 clavium
596 817 665 894 abs
683 841 723 894 se
743 842 811 919 pro
831 813 1203 921 aliislfabrieatarum
1222 841 1338 916 penes
1356 847 1396 900 se
1415 821 1564 896 ἔνευσα
1664 877 1665 880 ι

173 935 392 1015 retineant.“
421 941 638 1044 Menagii
667 942 825 1022 Observ.
844 930 884 1017 tn
903 928 1065 1042 Dib'gen.
1086 938 1209 1019 Lattrt.
1230 942 1259 1038 1,
1281 941 1343 1020 57.

752 1122 829 1242 so
844 1150 990 1258 usos.
1039 1272 1041 1277 Ι
1128 1118 1131 1123 ’

276 1322 396 1403 Solon
417 1348 479 1404 aes
497 1325 663 1403 alienum
684 1348 794 1401 omne
813 1319 957 1400 remisit
975 1319 1229 1419 debitoribus,
1253 1321 1413 1424 huioqu'e
1431 1326 1561 1403 semes

169 1453 265 1530 sioni
293 1445 545 1547 σεισάχθειαν
570 1450 610 1528 id
643 1462 701 1529 est
736 1474 941 1526 onerum
977 1447 1385 1527 sublevatione-m
1423 1473 1562 1535 nomen

168 1579 363 1682 imposuit,
390 1600 620 1679 quamquam
639 1575 809 1653 nonnulli
827 1573 994 1651 foenoris
1007 1570 1317 1669 diminutionem,
1347 1586 1563 1653 mensurae-

168 1732 242 1807 que
261 1717 298 1783 et
315 1704 421 1807 pretii
441 1703 674 1782 nomismatis
691 1703 935 1779 mutationem
960 1692 1215 1794 σεισάχθειαν
1231 1701 1462 1804 appellatum
1478 1711 1564 1781 5555

169 1833 285 1935 ajunt
323 1831 465 1908 ilinam
484 1830 605 1925 enim,
630 1846 720 1907 oum
743 1836 830 1905 ante
858 1835 958 1904 esset
975 1826 1217 1929 septuaginta
1235 1827 1347 1904 trium
1361 1823 1558 1905 drachma-

169 1982 271 2054 rum,
298 1956 346 2034 sd
360 1958 623 2034 oentensrium
642 1979 769 2033 earum
786 1977 987 2030 numerum
1004 1952 1193 2049 extendit,
1221 1962 1263 2031 ut
1278 1960 1365 2031 oum
1383 1961 1563 2032 numerus

166 2081 285 2179 idem,
304 2084 464 2184 pretium
482 2079 610 2160 tamen
629 2082 752 2160 mineus
769 2080 1065 2183 persolveretur,
1085 2090 1123 2157 ot
1140 2079 1180 2156 hi
1197 2102 1377 2180 magnum
1390 2088 1559 2156 *nommo-
1585 2166 1588 2175 ¹

167 2205 253 2284 dum
279 2206 479 2305 sentirent,
506 2207 578 2310 qui
607 2207 825 2299 solvebant,
864 2215 903 2282 et
930 2206 992 2306 qui
1020 2204 1280 2307 aoeipieba'ut,
1306 2204 1403 2284 mliii
1431 2204 1560 2283 damni

165 2333 463 2412 indebaberent.
491 2329 950 2427 (PlutarolsSolon.
972 2331 1057 2423 15.)

271 2477 432 2579 Diogen.
462 2476 586 2554 Lutrt.
615 2458 645 2571 Ι
676 2475 748 2550 45:
780 2472 899 2552 Solon
927 2473 1069 2575 primus
1097 2473 1241 2550 invexit
1267 2400 1558 2553 Atheniensibus

165 2598 418 2698 σεισάχθειαν
445 2603 501 2699 (id
521 2614 578 2681 est
595 2602 854 2680 excussionem
875 2600 1038 2694 oneris):
1066 2600 1120 2677 sie
1148 2610 1274 2676 autom
1299 2598 1558 2703 appellabatur

164 2738 362 2833 corporum
380 2729 731 2831 possessionumque
749 2723 968 2828 redemptio
994 2725 1151 2802 Plurimi
1169 2724 1269 2802 euim
1286 2744 1355 2828 por
1373 2742 1556 2851 summum

163 2856 328 2959 inopiam
346 2854 644 2934 foenerabantur.
1128 2871 1129 2876 ’
1484 2877 1487 2881 “
1552 2888 1555 2893 ·

272 2998 468 3077 Suidas:
505 2990 732 3090 σεισάχθεια
769 2994 937 3072 remissio
975 2993 1187 3072 debitorum
1208 3002 1291 3072 tam
1319 2919 1556 3103 publicorum

164 3148 276 3228 quam
304 3122 550 3226 privatorum,
579 3146 691 3225 quam
716 3120 922 3199 introduxit
948 3117 1075 3197 Solon.
1112 3115 1225 3197 lliota
1251 3116 1456 3225 quodsum
1475 3149 1555 3200 mos

164 3262 261 3330 esset
279 3247 451 3345 Athenis,
471 3259 513 3324 ut
530 3271 718 3355 pauperes
738 3225 926 3326 debitores
944 3245 1190 3325 oreditoribus
1209 3247 1284 3324 suis
1304 3268 1460 3367 empore
1477 3262 1554 3355 ser*

163 3379 302 3472 virent,
332 3385 419 3479 post
446 3372 645 3477 pecuniam
672 3367 855 3452 redditam
876 3397 970 3450 onus
990 3361 1162 3467 (ἄχθος)
1179 3370 1405 3475 virleba'ntu'r
1424 3376 1553 3455 exous-'¹

162 3504 253 3582 sisse
270 3494 611 3598 (άιιοσείσασθαι).

741 3618 818 3703 M
835 3618 980 3702 1504.

269 3792 403 3895 Lysias
421 3789 557 3869 ibidem
577 3790 759 3893 explieat:
792 3781 847 3860 Τὸ
874 3779 1063 3899 στάσιμον
1086 3779 1203 3860 τοῦτό
1223 3791 1347 3876 ἐστιν,
1378 3781 1427 3861 οὐ
1448 3787 1553 3892 ζυχῴ

162 3913 333 4006 ἱστάναι,
362 3908 460 3990 ἀλλά
481 3909 603 3990 τόκον
628 3909 886 4014 πράττεσθαι,
915 3901 1065 3999 Ιάιιάσσν
1085 3903 1136 3985 dr
1151 3905 1349 4013 βούληται.
1370 3904 1552 4023 (Xenior-

160 4072 240 4143 μον
267 4071 345 4121 non
373 4044 562 4145 signifieat
579 4041 633 4141 ‚ad
661 4041 796 4118 libram
824 4038 1062 4141 appendere,
1085 4038 1164 4140 sed
1190 4035 1344 4131 foenore
1372 4038 1552 4139 collocare

162 4197 232 4276 pro
250 4169 438 4260 arbitrio.)
1424 4146 1428 4154 Δ

622 4347 627 4358 .
705 4348 707 4354 .
739 4264 980 4353 551505.

99 4538 105 4546 Ι
212 4503 214 4508 .
265 4439 345 4517 Lex
363 4447 464 4541 oerte
484 4448 569 4539 post
587 4434 851 4517 Demosthenis
869 4445 1033 4515 aetatem
1048 4435 1135 4517 lata

266 4583 440 4661 Ceterum
458 4584 504 4662 de
524 4583 634 4662 modo
658 4582 922 4667 solvendarum
950 4609 1146 4663 usurarum
1169 4587 1259 4668 'vide
1287 4586 1548 4667 lineokhii:

124 4748 128 4758 ·
159 4709 460 4793 Stsatshauslralt
478 4707 513 4786 d
532 4705 710 4805 Athones.
729 4708 775 4786 Τ.
794 4710 823 4786 I.
845 4736 883 4812 p.
903 4707 1102 4824 173seqq.

265 4850 324 4931 or.
343 4851 456 4932 suam
484 4852 685 4933 onusn
713 4852 1160 4937 sarmanruneras
1188 4854 1235 4935 se
1263 4805 1547 4956 emersum.

163 4983 243 5064 Bet.
265 4978 413 5073 1638.)
441 4981 500 5058 De
519 4978 631 5058 modo
651 5004 856 5061 usurmum.
875 4979 1035 5075 (1539.)
1068 4999 1072 5006 ·
1495 5029 1498 5035 .

269 5121 383 5225 Apud
397 5123 584 5203 Romanos
601 5123 662 5202 lex
680 5123 822 5204 Mareia
839 5124 1021 5204 adversus
1038 5125 1267 5212 feneratores
1282 5124 1486 5231 5555555515,-
1507 5135 1548 5205 nt
