3436 5790
493 403 799 461 consecraturus
821 403 871 457 su
891 401 935 456 aa.
955 399 999 458 aa.
1018 400 1063 457 as.
1083 401 1130 457 aa.
1425 374 1501 457 tat

718 624 793 711 Ae
822 627 903 710 22.

226 800 329 876 Haec
350 798 508 875 instituit
526 789 839 900 Antipater‘anno
864 797 941 872 323
961 822 996 873 a.
1014 795 1083 873 Oh.

226 923 285 1002 Of.
304 922 545 1000 Plutarchum
565 923 604 1000 in
623 923 702 1000 vita
720 923 919 1000 Phocionis
939 922 1119 1016 27-29,
1147 919 1211 996 ιιοἰ
1231 917 1407 1020 legimus,
1433 913 1516 1020 pers

117 1050 237 1151 legem
258 1046 445 1150 Antipatri
467 1046 597 1123 12000
616 1049 753 1125 civium
765 1050 828 1150 jus
848 1047 1008 1127 civitatis
1035 1043 1249 1149 perdidisse.
1289 1038 1501 1155 Idemdicit

116 1172 305 1252 Diodorus
326 1171 487 1268 (XVIII,
508 1172 598 1267 18),
627 1172 693 1250 sed
713 1170 839 1250 addit:
867 1174 1018 1267 ceteris,
1048 1172 1110 1277 qui
1130 1196 1280 1246 censum
1307 1152 1500 1253 definitum

117 1299 325 1392 habebant,
356 1325 492 1376 novem
510 1298 672 1376 millibus
691 1299 856 1393 circiter,
879 1301 941 1402 jus
963 1298 1065 1375 urbis
1092 1308 1128 1373 et
1146 1295 1309 1396 regionis
1328 1294 1509 1370 obtineri-¹

118 1425 187 1502 dae
206 1425 379 1504 traditum
399 1454 498 1523 esse,
528 1440 564 1505 et
590 1428 657 1505 hos
677 1426 825 1505 Solonis
853 1426 1030 1530 deinceps
1054 1426 1202 1528 legibus
1227 1422 1497 1525 rempublicam

117 1550 442 1632 administravisse.

720 1654 796 1738 Ad
824 1655 905 1740 2³.

223 1820 301 1898 Lex
327 1821 403 1899 lata
431 1823 499 1900 sub
528 1822 763 1918 Cassandro,
792 1848 892 1899 anno
921 1820 998 1896 319
1027 1848 1060 1900 a.
1082 1821 1149 1900 Oh.
1186 1819 1297 1896 Tunc
1326 1818 1427 1895 enirn
1450 1817 1497 1894 de

116 1971 210 2047 pace
227 1947 325 2024 inter
343 1973 407 2025 eos
425 1959 463 2024 et
479 1947 731 2026 Cassandrum
748 1950 803 2026 sic
822 1947 1011 2039 convenit,
1039 1959 1079 2022 nt
1097 1948 1248 2040 urbem,
1268 1971 1421 2045 agrum,
1442 1969 1497 2020 re·

116 2071 230 2168 ditus,
249 2097 380 2166 naves,
401 2084 595 2174 ceteraque
616 2075 741 2151 omnia
758 2075 961 2150 retinerent
980 2069 1237 2166 Athenienses,
1257 2069 1500 2172 Munychiam

116 2223 204 2274 vero
234 2194 463 2296 Cassander3
497 2198 707 2301 respublica
734 2199 882 2276 interim
910 2198 1231 2276 administraretur
1261 2221 1330 2299 pro
1358 2195 1499 2275 rat-ione

116 2348 247 2400 census
265 2324 313 2403 ad
332 2324 461 2401 decem
479 2351 596 2426 usquo
615 2326 746 2403 minas.
1420 2313 1425 2323 ’
1506 2318 1510 2331 ’

716 2533 792 2620 Aa
820 2535 901 2619 25.

221 2698 417 2802 Lycurgus
445 2700 636 2779 interdixit
653 2699 849 2804 Spartanis
878 2724 1034 2802 peregre
1063 2699 1189 2790 abire,
1218 2722 1265 2774 ne
1293 2722 1412 2775 moras
1431 2724 1495 2801 pe·

116 2824 282 2923 regrinos
309 2825 480 2926 vitaeque
508 2825 602 2903 male
630 2826 835 2904 institutam
862 2826 1042 2903 rationem
1061 2822 1305 2902 addiscerent.
1344 2823 1504 2918 (Pium

114 2950 238 3027 arch.
266 2951 513 3028 Instituta
533 2951 715 3046 Lacon.
746 2952 829 3045 10.)

219 3073 294 3151 Sed
311 3077 496 3153 Isocrates
523 3075 616 3153 haec
644 3076 855 3179 restringit,
885 3076 1016 3153 diceus
1044 3077 1258 3169 (Busiris
1279 3071 1316 3176 ξ.
1337 3077 1426 3171 ta):
1454 3085 1496 3155 ut

115 3200 267 3279 militum
286 3226 398 3278 nemo
416 3201 496 3278 sine
515 3202 625 3278 venia
642 3204 929 3303 magistratuum
946 3227 1105 3304 peregre
1124 3200 1246 3279 abeat
1489 3214 1494 3223 '

710 3411 786 3498 Aa
814 3414 894 3498 28.

219 3579 466 3682 Harpocratio
484 3605 513 3655 s.
532 3605 567 3654 v.
589 3574 831 3675 Hpoowirqc:
860 3577 1015 3659 Athenis
1040 3573 1245 3676 προστάται
1265 3581 1496 3658 vocabantur

113 3704 377 3806 inquilinorum
395 3705 555 3805 patroni.
596 3704 860 3803 Unusquisque
889 3706 987 3782 enim
1005 3704 1205 3806 inquilinus
1224 3705 1423 3784 tenebatur
1442 3704 1492 3782 oi·

114 3859 197 3909 vem
217 3829 404 3931 quendam
424 3829 601 3930 adoptare
621 3830 691 3906 sibi
712 3842 922 3932 patronum.
1252 3838 1256 3846 '
1480 3838 1485 3855 '

218 3971 352 4050 Suidas
380 3998 463 4048 av.
484 3976 614 4069 νέμειν
632 3967 865 4069 προστάτην
894 3974 1062 4067 Quilibet
1089 3974 1352 4074 inquilinorum
1373 3979 1492 4076 'nego-

112 4104 163 4178 tia
180 4127 247 4176 sua
265 4124 334 4199 per
352 4106 550 4199 patronum
570 4098 777 4197 quendam,
798 4100 859 4198 qui
879 4109 957 4175 erat
976 4127 1069 4177 nnus
1089 4123 1109 4175 e
1130 4099 1294 4194 civibus,
1317 4100 1504 4207 expedia}

112 4227 176 4303 bat
203 4237 240 4301 et
267 4223 446 4300 tributum
475 4222 673 4325 pendebat.
711 4223 977 4326 Repentinum
996 4223 1132 4302 habere
1162 4226 1296 4301 dicitur
1324 4221 1491 4322 προστά-

112 4377 179 4442 την
203 4352 339 4446 νέμειν.
1291 4397 1316 4403 -·

216 4491 399 4571 Romulus
428 4517 575 4593 quoque
605 4493 795 4571 constituit
826 4489 979 4592 singulis
1006 4495 1170 4593 patriciis
1197 4521 1284 4573 suos
1316 4495 1501 4594 clientes„

105 4623 242 4724 jubens
262 4628 303 4694 nt
320 4618 573 4718 unusquisque
592 4642 612 4693 e
631 4617 866 4697 multitudiue
896 4616 1056 4719 aliquem
1083 4619 1154 4699 sibi
1182 4620 1337 4721 eligeret
1363 4635 1499 4724 patro,

110 4775 208 4825 num.
237 4743 1223 4846 (DionysiusHalicarnlib.H.inRomulo.)

216 4892 371 4969 Patroni
388 4893 440 4969 ita
458 4918 497 4970 se
517 4893 720 4994 parabant,
746 4905 788 4972 ut
806 4892 852 4971 de
869 4895 954 4996 jure
972 4895 1263 4998 responderant,
1291 4908 1404 4995 atque
1422 4895 1486 4974 ad·

111 5019 232 5097 vocati
261 5017 432 5097 adessent
458 5018 496 5097 in
519 5018 660 5115 jndicio
687 5019 919 5120 litigantibus
947 5021 1192 5124 omnibusque
1209 5024 1250 5099 in
1270 5023 1381 5103 rebus
1400 5047 1498 5116 cona

111 5144 192 5223 silio
211 5170 274 5224 eos
292 5156 331 5222 et
349 5142 472 5224 studio
487 5145 679 5226 foverentz
706 5146 859 5256 clientes
887 5147 975 5227 illos
991 5148 1155 5231 neusin
1172 5172 1250 5227 uon
1269 5149 1497 5245 honorando,
