3404 5782
690 407 753 458 SUB
771 402 990 456 PRIVATUM.

783 595 896 671 1403.

256 743 418 819 Habenti
446 742 545 818 bona
573 741 680 816 titulo
707 739 807 816 haud
837 739 1004 838 legitimo
1038 765 1084 815 ne
1111 738 1222 815 liceat
1249 737 1297 813 de
1326 735 1475 812 iisdem
1495 760 1566 837 per

149 879 412 945 test-amentum
432 867 666 944 constituere.
790 973 893 1047 1404

258 1112 410 1201 Παιδός
430 1110 510 1190 οὐκ
530 1115 648 1206 έξεστι
669 1109 864 1203 διαθήκην
882 1117 1073 1216 γενέσθαι.

789 1243 936 1336 [Isacus
955 1241 1001 1318 de
1022 1241 1174 1319 Aristar.
1195 1239 1272 1317 her.
1293 1237 1330 1341 §.
1351 1239 1451 1335 10.)

790 1402 905 1477 1404.

257 1547 377 1622 Puero
397 1558 576 1646 negatum
595 1557 652 1624 est
671 1547 717 1625 de
736 1546 846 1622 bonis
866 1546 941 1621 suis
961 1546 1195 1621 constituere.

793 1705 906 1781 1405.

259 1845 328 1938 Mt
348 1839 443 1923 α’ίνευ
461 1845 540 1921 τῶν
559 1848 717 1922 οἰκείων
736 1845 814 1920 τῶν
842 1846 986 1921 ἑαυτοῦ
1014 1843 1081 1934 τοὶς
1110 1844 1301 1938 διαθήκας
1332 1853 1555 1935 ποιεῖσθαι,

154 1969 252 2048 ἀλλὰ
273 1972 516 2073 πρῶτονμὲν
535 1983 728 2078 συγγενεῖς
747 1977 1023 2073 παρακαλέσας,
1053 1976 1180 2049 ἔπειτα
1200 1970 1238 2047 δὲ
1259 1968 1466 2072 φράτορας
1486 1976 1554 2043 καιι

153 2096 338 2198 δημότας,
367 2101 495 2174 ἔπειτα
513 2097 591 2176 τῶν
608 2093 738 2176 σίλλων
756 2094 976 2190 ἐπιτηδείων
996 2094 1109 2186 ὅσους
1130 2096 1288 2174 δύναιτο
1315 2101 1548 2183 πλείστους·

153 2217 255 2298 οὕτω
284 2220 357 2327 γὰρ
385 2224 460 2300 εἴτε
486 2220 587 2299 κατοί
611 2230 720 2329 γένος
739 2225 814 2300 εἴτε
832 2221 935 2298 κατὰ
956 2220 1066 2300 δόσιν
1084 2220 1343 2322 ἆμφισβητοίη
1363 2252 1448 2311 τις,
1481 2231 1551 2321 ρα-

155 2347 242 2440 δίως
262 2344 314 2429 δν
332 2355 529 2457 ἐλέγχοιτο
550 2349 796 2453 ψευδόμενος.

813 2463 961 2555 (isaeus
980 2460 1026 2538 de
1046 2458 1203 2565 Astyph.
1222 2463 1299 2537 her.
1320 2455 1356 2561 ξ.
1378 2461 1441 2555 8.)

789 2622 902 2697 1400.

262 2769 319 2842 Νε
339 2766 419 2842 sine
439 2765 732 2841 necessariorum
750 2764 905 2840 scientia
923 2741 1187 2841 testamentum
1202 2765 1285 2866 quia
1304 2766 1463 2863 scribat,
1485 2768 1549 2844 sed

155 2893 281 2970 ascitis
310 2891 432 2993 potius
460 2891 621 2991 primum
649 2890 800 2991 quidem
823 2892 1062 2980 necessariis,
1091 2902 1171 2979 tum
1189 2917 1278 2966 vero
1297 2891 1416 2966 ctiam
1435 2891 1549 2992 phra-

156 3015 299 3093 toribus
319 3027 429 3113 atque
449 3015 626 3108 damona,
657 3026 695 3092 et
713 3016 873 3114 denique
894 3017 1121 3115 reliquorum
1141 3016 1384 3092 familiarium
1402 3029 1463 3094 tot
1482 3045 1546 3094 nu·

155 3167 258 3217 mero
278 3151 369 3239 quot
386 3165 520 3236 cogere
539 3151 686 3241 posset;
714 3141 785 3215 hoc
814 3141 914 3218 enim
934 3141 1034 3216 facto
1056 3145 1140 3235 fiet,
1169 3142 1247 3216 sive
1268 3141 1351 3241 quis
1374 3170 1422 3220 ex
1443 3144 1548 3218 titulo

157 3263 491 3363 consanguinitatis
510 3265 591 3340 sive
611 3290 657 3341 ex
677 3265 783 3341 titulo
802 3266 916 3365 legati
945 3266 1189 3342 hereditatam
1209 3267 1289 3367 ejus
1310 3278 1484 3368 peteret,
1512 3280 1550 3342 ut

156 3393 187 3469 ia
207 3389 292 3469 falsi
311 3415 420 3492 quam
440 3388 613 3469 facillimo
633 3391 884 3469 convincatur.

798 3551 912 3628 1406.

265 3688 374 3794 Χρὴ,
412 3688 538 3784 ἐπειδὴ
576 3686 737 3787 τάχιστα
772 3689 973 3790 τελευτήσῃ
1004 3685 1025 3768 ὁ
1060 3691 1311 3789 διαθέμενος,
1350 3696 1552 3769 εἰσκαλεῖν

160 3821 355 3924 μάρτυρας
383 3814 550 3904 πολλούς
579 3821 648 3892 καί
674 3813 1019 3916 παρασημήνασθαι
1048 3820 1226 3894 κελεῦσαι
1254 3814 1322 3903 τοὶς
1341 3814 1551 3911 διαθήκας,

162 3953 228 4038 ἵν’,
240 3949 279 4022 εἴ
293 3977 327 4022 τι
347 3953 496 4050 ἐγένετο
516 3922 869 4042 ἀμφισβητήσιμον,
892 3939 939 4037 ἦν
957 3950 1009 4033 είς
1029 3941 1075 4020 τὰ
1095 3941 1298 4048 γράμματα
1308 3942 1552 4023 ταῦτ’έιεαν-

161 4079 314 4164 ελθεῖν,
344 4078 410 4148 καὶ
430 4069 499 4164 την
518 4067 709 4163 ἀληθειαν
728 4068 881 4148 πάντων
899 4064 1035 4171 εδρεῖν.

802 4182 1017 4276 (Demosth.
1036 4183 1075 4258 in
1094 4180 1239 4283 Aphob.
1259 4182 1309 4278 11,
1328 4182 1447 4279 837.)

795 4341 909 4416 1400.

270 4487 488 4567 Advocandi
508 4499 595 4564 sunt
613 4511 699 4563 mox
718 4496 804 4586 post
823 4484 965 4562 obitum
983 4487 1168 4563 testatoris
1187 4495 1299 4563 testas
1320 4492 1550 4591 complures,

164 4615 339 4716 aquibus
358 4615 530 4715 apposito
558 4613 680 4711 sigillo
709 4622 974 4688 testamentum
1002 4612 1296 4688 confirmandum
1321 4625 1402 4708 ost,
1433 4627 1497 4709 ut,
1524 4619 1552 4691 si

166 4741 254 4842 quid
281 4740 378 4817 sorte
407 4739 682 4814 controversiae
712 4736 890 4828 oriretur,
925 4736 973 4813 ad
1002 4737 1095 4813 illud
1131 4738 1308 4838 scriptum
1338 4743 1482 4817 recurri
1521 4754 1554 4816 et

166 4867 328 4943 omnium
347 4891 472 4942 rerum
491 4864 627 4941 veritas
646 4864 804 4940 inveniri
823 4874 961 4963 posset.

804 5024 918 5099 1407.

276 5150 366 5240 Τῶν
385 5148 661 5256 διατιθεμένων
681 5142 761 5232 οὔκ
778 5155 857 5234 ἐστι
876 5145 920 5226 τὸ
941 5148 1050 5242 δέον,
1081 5154 1203 5254 λέγειν
1227 5160 1306 5238 τοῖς
1336 5182 1553 5258 παραγινο-
