3404 5782
698 401 760 456 JUS
779 401 997 457 PRIVA'I‘UM.

602 802 956 955 ,Κεφάλαιον
987 802 1071 917 Θ’.

332 1003 496 1146 Περὶ
544 994 784 1126 οὐσίας
831 1004 945 1109 καὶ
994 1000 1370 1146 κτήματος.

715 1341 876 1485 Caput
900 1342 984 1459 ΙΧ.

317 1537 399 1655 Do
436 1543 813 1657 substantia
852 1550 916 1658 et
951 1541 1381 1684 possessione.

797 1816 910 1892 1447.

139 1983 142 1987 .
255 1933 471 2034 Ἀφανῆς
500 1936 651 2016 οὐσία
679 1944 825 2045 λέγεται
856 1931 876 2029 ἦ
907 1945 950 2014 ἐν
973 1935 1140 2037 χρήμασι
1179 1943 1247 2014 καί
1285 1934 1446 2034 σώμασι
1490 1945 1568 2016 καί

153 2061 326 2154 σκεύεσι,
355 2060 504 2164 φανεροί
526 2063 563 2142 δὲ
587 2057 607 2157 ἧ
630 2067 785 2169 ἔγγειος.
1135 2068 1448 2169 (Harpocratio.)

797 2229 910 2306 1447.

260 2352 479 2432 Substantia
497 2383 573 2433 non
592 2382 779 2458 apparens
807 2356 873 2432 illa
897 2353 1050 2448 dieitur,
1081 2381 1176 2454 quae
1196 2367 1381 2454 argento,
1416 2358 1569 2454 servis,

153 2479 251 2555 vasis
270 2493 435 2579 constat3
463 2510 650 2585 apparens
669 2509 759 2559 vero
780 2507 873 2583 quae
892 2479 1049 2557 terrenis
1069 2480 1386 2581 possessionibus.

794 2645 908 2720 1448.

249 2759 429 2840 ’Ἑπιπλ
443 2794 488 2855 α,
518 2756 611 2863 ripae}
633 2767 779 2868 ἔγγειος
798 2763 950 2857 κτῆσις,
981 2761 1078 2839 ἀλλὰ
1098 2760 1329 2850 ἐπιπόλαιος.

1244 2875 1448 2972 (Suidas.)

787 2983 901 3059 1448.

259 3107 437 3211 Supellex
457 3132 531 3182 non
551 3118 609 3182 est
626 3108 812 3208 possessio
831 3109 1039 3203 terrestris,
1068 3108 1133 3185 sed
1153 3109 1312 3187 mobilis.

259 3397 358 3489 Περί
379 3387 568 3496 ἀργυρίου
587 3395 657 3465 καί
672 3395 840 3488 χρυσίου
864 3397 934 3467 καί
963 3389 1141 3489 ἀφανοῦς
1170 3386 1306 3479 οὐσίας
1335 3389 1469 3487 δῆλον
1498 3391 1560 3474 ὅτι

152 3511 255 3603 ὅστις
276 3519 379 3613 ἔχων
399 3513 499 3593 αὐτοὶ
520 3521 719 3613 φαίνεται,
749 3517 876 3618 τούτῳ
897 3515 1038 3594 δέδωκέ
1054 3549 1119 3606 τις.

909 3647 1083 3744 (Suidas:
1113 3641 1229 3720 οὐσία
1248 3643 1441 3750 φανεροί.)

787 3812 902 3886 1449.

258 3939 315 4013 De
336 3948 491 4035 argento
513 3949 550 4013 et
569 3963 660 4013 auro
688 3946 726 4012 et
753 3936 964 4012 substantia
991 3963 1068 4013 non
1097 3946 1302 4038 apparente
1323 3940 1551 4036 tenendum,

151 4063 271 4163 quod,
301 4065 361 4162 qni
384 4089 427 4139 ea
447 4063 638 4165 possidere
659 4064 842 4154 cernitur,
872 4063 924 4140 illi
944 4063 1036 4139 liaeo
1055 4063 1187 4162 aliquis
1207 4062 1361 4138 dederit.

785 4227 900 4303 1450.

261 4347 348 4422 Τῶν
367 4342 710 4447 ἀμφισβητησίμων
723 4352 882 4449 χωρίων
901 4344 958 4424 δεῖ
975 4343 1047 4424 τὸν
1066 4349 1207 4444 ἔχοντα
1226 4341 1249 4437 ἢ
1262 4353 1379 4439 θέτην
1400 4344 1424 4441 ἢ
1444 4382 1546 4450 πρα-

44 4510 49 4520 =
149 4471 243 4570 σῆρα
264 4478 498 4572 παρέχεσθαι
520 4470 544 4565 ἢ
562 4474 943 4574 καταδεδικασμέυου
962 4478 1186 4571 φαίνεσθαι.

787 4605 934 4699 (isaeus
955 4606 999 4680 de
1022 4605 1174 4682 Aristar.
1194 4604 1270 4682 her.
1291 4601 1325 4704 ξ.
1347 4607 1433 4699 24.)

784 4770 898 4844 1450.

256 4886 348 4965 Orto.
366 4888 411 4966 de
432 4889 556 4967 fundis
577 4892 831 4969 controversia
859 4903 1008 4995 oportet
1035 4919 1286 4994 possessorem
1305 4892 1459 4971 illorum
1481 4912 1545 4974 aut.

147 5015 339 5091 nominare
369 5043 453 5092 enm
472 5024 498 5092 π’
514 5044 587 5115 quo
607 5018 690 5094 illos
710 5019 787 5094 sive
818 5020 1087 5120 oppignoratos
1117 5018 1254 5093 habeat
1284 5020 1363 5095 sive
1386 5025 1542 5115 emerit,

147 5150 211 5214 ant
230 5140 482 5217 demonstrare
503 5169 566 5218 eos
587 5143 655 5218 sibi
676 5143 908 5243 adjudicatos
925 5170 1016 5220 esse.
