3436 5790
509 417 819 479 comparemus
836 418 892 472 sn
913 389 1092 481 usams'r.
1420 402 1500 489 ιιι

106 624 218 690 caret.
247 616 438 707 (Μελέιαι
457 612 520 686 ἐπὶ
539 608 617 686 τῶν
634 605 816 705 ἆσινιιῶν
834 605 968 711 νόμων
985 610 1064 687 τῶν
1078 608 1234 692 Ἰονίων
1253 611 1391 705 νήσων,
1416 607 1498 690 ὑπὸ

101 732 346 814 Ἰωάννου
373 733 724 828 anastaseos.
755 735 912 816 Athenis
933 738 1046 816 1866.
1075 767 1163 844 pag.
1186 741 1273 836 13.)
1428 771 1430 775 ’

685 948 763 1036 Μ
779 951 926 1036 1400.

210 1118 354 1198 Roas:
373 1117 457 1197 Die
465 1119 610 1196 Demen
630 1140 708 1194 von·
726 1113 912 1219 Attikap.
933 1117 1038 1193 47;’
1026 1118 1157 1216 ἕτερον
1170 1116 1330 1216 χωριιιν
1348 1120 1393 1220 dy
1412 1120 1496 1191 'Kc

103 1241 295 1347 δαντιδιῖν
316 1236 583 1333 Ἀντικλείδης
605 1235 872 1345 Ἀντιγόνρυ
892 1234 1143 1338 Κεφάλαιον.
1173 1234 1283 1321 4837
1294 1242 1497 1391 drachmae

102 1372 257 1451 eoboli.
289 1361 535 1458 Ἕιιατοσιῆ.·
564 1366 836 1447 tetrachmis
856 1366 880 1443 3
901 1366 1014 1448 oboli.
1401 1388 1430 1401 '·
1463 1394 1467 1402 ·

209 1499 325 1576 Moris
344 1499 444 1576 enim
463 1505 543 1575 erat
561 1497 735 1577 venditos
753 1494 899 1585 fundos
914 1497 976 1573 vel
1000 1521 1130 1575 servos
1149 1480 1309 1599 publice
1319 1490 1415 1576 albis
1395 1458 1497 1574 3ei

101 1625 233 1704 buxeis
250 1625 389 1703 tabulis
407 1624 621 1717 inscribere,
641 1622 738 1697 sicut
754 1631 794 1698 et
811 1620 966 1698 nomina
982 1623 1282 1724 possessionum,
1302 1648 1497 1701 servorum
1640 1715 1646 1724 ι

102 1758 141 1828 et
158 1751 383 1845 ementium,
402 1758 444 1825 ιιι
462 1748 493 1826 si
513 1746 595 1848 quis
613 1746 762 1846 litigare
781 1745 897 1822 vellet
899 1771 998 1847 ,pro
1018 1744 1138 1823 lubitu
1156 1748 1299 1861 legeret
1316 1746 1495 1842 tabidam,

102 1869 284 1973 λεύκωμα
303 1875 451 1953 dictam.
478 1871 1166 1972 (LeutschetSchneidewin.
1190 1871 1340 1978 Corpus
1358 1886 1494 1975 parce

100 2001 312 2113 miograph.
331 2025 456 2101 graec.
478 1997 586 2076 Toni.
606 1999 635 2076 Ι.
655 2023 692 2099 p.
712 1997 824 2090 405.)

208 2123 387 2205 suidas
414 2125 505 2204 dicit
532 2126 580 2203 de
600 2124 680 2201 hoc
707 2117 952 2220 λιιικιὶιιαικ
981 2122 1110 2202 Parios
1127 2132 1250 2228 gypso
1268 2123 1404 2221 illitus,
1431 2038 1493 2289 cui

101 2277 160 2330 res
178 2253 323 2330 civiles
319 2260 414 2355 apte
432 2247 585 2327 inscribi
604 2258 773 2352 possunt
932 2274 935 2281 ·
1298 2287 1302 2295 ·

189 2376 320 2481 Apud
338 2376 547 2478 Cyzicenos
567 2372 813 2453 venditiones
822 2375 1039 2477 priusquam
1058 2376 1371 2453 confirmarentur
1386 2375 1494 2478 quin·

99 2528 173 2606 que
191 2504 376 2582 continuis
405 2501 538 2580 diebus
565 2500 716 2603 publice
744 2526 816 2603 per
841 2518 1067 2604 praeconem
1086 2498 1339 2579 edicehantur.
1368 2499 1493 2619 (Sto

99 2628 250 2709 basus
279 2653 413 2707 serm.
439 2628 492 2702 44
494 2627 608 2723 ,m
817 2664 820 2671 ·
1486 2668 1489 2674 »

196 2753 319 2857 Apud
336 2753 501 2832 Thurios
518 2752 595 2831 tres
613 2749 840 2830 venditionis
864 2759 980 2830 testes
1006 2750 1304 2850 adhibebantur,
1328 2755 1393 2854 qni
1416 2777 1492 2866 me·

99 2882 238 2961 moriae
266 2892 305 2959 et
321 2880 437 2958 futuri
463 2877 668 2957 testimonii
695 2877 818 2980 gratia
845 2902 1004 2981 parvam
1030 2878 1285 2981 accipiebant
1293 2855 1493 2960 mendam

99 3005 346 3100 (Ibid)
377 3131 381 3141 ·
679 3106 920 3192 Aelim.

206 3276 478 3378 Harpocratio:
506 3268 749 3376 Ἀνάγιιν
776 3276 857 3348 ἐστι
884 3267 929 3347 sd
953 3269 1120 3372 μηνύειν
1145 3270 1219 3350 τὸν
1246 3260 1490 3374 πεπρακότα,
1629 3375 1634 3388 .

98 3405 168 3476 καὶ
187 3406 245 3477 ἐπ’
264 3407 420 3475 ἐκεῖνον
437 3400 546 3474 ἰέναι.
584 3393 798 3501 (Ἀνίιγειν
826 3408 884 3476 est
909 3399 1077 3478 indicare
1104 3400 1359 3499 venditorem,
1388 3415 1490 3482 eum*

98 3539 171 3630 que
189 3529 352 3631 petere.)
476 3548 478 3553 ⁴
1106 3507 1109 3510 Δ
1467 3549 1470 3553 ’

205 3652 288 3730 Sui
299 3652 323 3729 d
334 3681 384 3731 as
412 3680 440 3730 a.
460 3681 494 3729 v.
524 3644 799 3749 αὐτομαχῆσιιι
810 3680 823 3723 .·
851 3651 948 3730 Cum
977 3653 1060 3755 quis
1078 3652 1233 3733 domum
1251 3664 1315 3732 aut
1333 3654 1490 3734 fundum

97 3780 169 3858 sibi
187 3777 372 3874 vindicat,
401 3791 439 3855 et
457 3777 632 3856 venditor
654 3775 837 3856 solvendo
866 3789 942 3874 est,
970 3805 1093 3881 neque
1105 3779 1292 3882 judicium
1309 3779 1490 3859 adversus

96 3903 350 3982 vindicantem
379 3905 580 4002 detrectat,
611 3928 768 4006 eamque
796 3905 846 3983 ob
874 3931 1034 3985 causam
1054 3931 1250 4010 possessor
1275 3906 1406 3985 domus
1428 3911 1490 3987 vel

97 4029 202 4106 iundi
230 4030 312 4133 ipse
334 4030 477 4135 judicio
504 4032 587 4109 vult
612 4031 790 4110 adversus
818 4056 903 4111 eum
931 4033 1111 4137 experiri,
1141 4035 1205 4135 qui
1234 4033 1346 4113 dere
1364 4045 1489 4138 empta

97 4156 392 4249 controversiam
409 4167 555 4254 movet,
584 4155 622 4236 id
642 4148 917 4254 αὐτομαχῆσαι
935 4159 1080 4237 dicitur.
1156 4167 1159 4175 '
1186 4190 1189 4199 ·

203 4282 566 4386 Harpocratio:
603 4275 858 4380 Αὐτομαχιῖν
884 4296 942 4363 ost
967 4308 1037 4388 per
1065 4309 1107 4363 se
1136 4286 1279 4388 ipsum,
1302 4310 1394 4365 ¹non
1421 4308 1488 4390 per

95 4412 227 4506 ιιιὶιιιιι,
249 4408 395 4511 judicio
421 4406 672 4508 contendere,
700 4420 743 4486 ιιι
766 4410 901 4511 siquis
920 4411 969 4489 nd
986 4408 1224 4490 venditorem
1242 4399 1488 4511 detumesce

96 4537 143 4616 ad
162 4537 263 4615 hunc
282 4533 453 4615 ostendat
470 4535 656 4612 actionem
675 4534 871 4638 pertinere.

203 4663 351 4739 Heffter
370 4659 527 4754 (Athen.
545 4656 816 4739 Gerichtsverf.
841 4688 878 4764 p.
900 4662 1021 4756 tem:
1050 4659 1090 4739 Si
1108 4661 1282 4747 venditor
1298 4666 1362 4743 vei
1379 4666 1485 4770 oppi-

95 4814 260 4890 gnorans
278 4786 501 4883 declaravit,
529 4812 570 4864 se
598 4788 757 4889 emptori
786 4787 849 4864 vel
876 4790 1014 4888 pignus
1043 4788 1393 4892 accipienticontra
1410 4801 1483 4872 ιιι·

95 4919 188 4994 tium
206 4914 388 5016 aliquem,
418 4912 480 5015 qui
499 4913 571 5016 ipsi
588 4913 693 4991 litem
710 4926 899 5015 moveret,
928 4915 1174 5017 possessionis
1193 4927 1384 4995 auctorem
1402 4943 1483 4998 esse

96 5042 212 5138 velie,
240 5050 435 5118 accusator
452 5065 528 5116 non
548 5039 710 5142 amplias
727 5048 859 5119 contra
875 5066 1138 5142 possessoren,
1158 5042 1225 5122 sed
1244 5054 1375 5124 contra
1393 5070 1481 5135 ven-

95 5167 254 5248 ditorem
272 5167 337 5248 vel
353 5168 668 5273 oppignerantem
685 5168 794 5248 litem
804 5168 993 5249 movebat
