3436 5790
678 398 681 404 ψ
711 365 900 421 onrurrn.
1275 378 1278 390 ·
1421 342 1496 422 321

116 567 218 643 ἐστὶν
238 554 262 640 d
281 558 509 639 ἀνέσπακεν.
540 554 748 639 Ἁπάντων
766 553 805 631 δὲ
826 549 896 648 ἤδη
915 553 1088 653 ἐχόντων
1117 550 1138 635 ὅ
1166 552 1356 654 ἀλυτάχης
1381 553 1502 649 iltuit!

116 686 378 767 ἑλλανοδικιάν
397 682 528 762 αὐτῶν
546 673 628 775 εἷς,Ι
654 680 809 783 περιιών
834 690 1038 760 ἐπισκοπεῖ
1062 681 1154 770 τούς
1179 681 1343 782 ιιλῆρους
1362 691 1405 760 ἐν
1422 683 1499 760 κὺ-

115 821 197 917 κλῳ
227 812 399 891 ἑστώτων
426 790 494 886 καὶ
524 806 627 889 οὕτω
653 807 823 909 τὸνμὲν
849 808 894 885 τὸ
924 801 1032 906 ἀλφα
1062 813 1206 906 ἔναντα
1230 809 1285 909 τῷ
1304 805 1349 884 τὸ
1368 816 1501 906 ἕτερον

115 936 223 1037 ἀλφα
243 933 478 1016 ἀνεσπακότι
499 940 676 1012 παλαίειν
700 931 723 1027 ἢ
741 931 1043 1041 παγκρατιάζειν
1070 930 1274 1024 συνάπτει,
1303 931 1376 1009 τὸν
1395 930 1433 1008 δὲ
1453 932 1500 1010 τὸ

113 1060 329 1167 βῆτατῴτὸ
340 1062 440 1163 βῆτα
453 1055 608 1161 ὁμοίως,
628 1067 698 1137 καὶ
717 1058 809 1148 τούς
829 1055 971 1149 ἀλλους
988 1057 1080 1150 τούς
1099 1054 1377 1166 ὁμογράμμους
1395 1056 1513 1137 κατά,

113 1185 253 1267 ταάτά·
283 1183 386 1265 οὕτω
401 1189 476 1287 μὲν
494 1186 589 1294 γάρ,
621 1182 669 1279 ἣν
687 1181 811 1287 ἀρτιοι
832 1179 926 1288 (ᾖσιν
956 1190 993 1262 οὶ
1023 1184 1250 1291 ἀγωνισταὶ·
1282 1180 1330 1276 ἢν
1359 1184 1398 1260 δὲ
1429 1216 1499 1260 πε-

113 1318 231 1418 ριττοὶ
242 1371 253 1405 ,
282 1311 438 1419 γράμμα
456 1345 493 1390 τι
512 1310 688 1413 περιττὸν
708 1317 764 1389 ἑνὶ
784 1310 912 1412 κλήρῳ
932 1316 1124 1417 ἐγγραφὲν
1142 1309 1408 1412 συμβάλλεται·
1423 1308 1499 1388 oui-

112 1451 204 1531 τοῖς,
234 1435 479 1546 ἀντίγραφον
499 1434 596 1516 ἀλλο
616 1435 697 1516 οὐκ
715 1441 819 1536 ἔχον.
836 1432 911 1526 Ὃς
930 1437 965 1513 δ’
986 1434 1039 1516 ἀν
1055 1437 1173 1514 τοῦτο
1192 1434 1406 1536 ἀνασπάσῃ,
1426 1445 1500 1533 e’rp-

114 1563 254 1666 edpsder
273 1571 504 1669 περιμένων,
779 1592 839 1642 νοι
860 1559 1145 1668 ἀγωνίσωνται·
1174 1559 1221 1638 οὐ
1251 1559 1326 1668 γάρ
1345 1566 1433 1661 'dyst
1452 1548 1514 1644 sd'

114 1689 371 1797 ἀντίγραμμα.
873 1692 1047 1785 (Lucian.
1067 1692 1288 1771 Hermotim.
1309 1693 1392 1789 40.)

749 1855 861 1930 1262.

218 2000 485 2079 Hellanodioae
505 2001 730 2093 sortiuntur,
760 2024 871 2098 quem
889 2024 1053 2099 quocum
1073 2011 1136 2077 aut
1155 1998 1254 2078 lucta
1272 2011 1414 2079 certare
1433 2013 1498 2078 aut

112 2128 304 2230 pancratio
325 2137 506 2228 oporteat.
546 2127 651 2203 Urna
678 2136 859 2223 argentea
888 2127 1077 2227 proposita
1107 2137 1183 2221 est,
1213 2125 1273 2202 dei
1290 2152 1414 2206 sacra.
1453 2129 1520 2209 ln‘

112 2254 209 2329 hanc
226 2277 366 2354 parvae
386 2253 557 2329 fabarum
575 2253 693 2328 instar
710 2251 1084 2351 sortesinjiciuntur,
1112 2250 1323 2351 inscriptae.
1362 2249 1519 2330 Inscri?

112 2379 212 2455 bitur
230 2390 353 2455 autem
377 2377 474 2454 binis
493 2376 547 2472 A,
574 2376 674 2452 binis
693 2375 773 2450 aliis
793 2376 845 2468 B,
875 2375 957 2450 aliis
974 2375 1073 2451 binis
1093 2375 1149 2469 G,
1180 2386 1218 2451 et
1237 2376 1368 2452 eodem
1386 2377 1496 2455 modo

112 2503 309 2604 deinceps,
339 2503 369 2578 si
389 2502 513 2603 plures
534 2501 696 2577 athletae
716 2499 875 2593 fuerint,
905 2510 946 2574 ut
974 2498 1069 2576 duae
1099 2525 1247 2601 semper
1270 2513 1390 2579 sortes
1409 2528 1496 2579 ean·

111 2628 195 2705 dem
213 2629 359 2704 literam
382 2628 556 2704 habeant.
594 2625 786 2703 Accedens
815 2634 940 2700 autem
970 2623 1194 2701 athletarum
1221 2628 1494 2727 unusquisque,

111 2755 250 2831 lovem
268 2764 462 2855 precatus,
493 2751 652 2828 demissa
675 2751 715 2826 in
734 2776 866 2825 urnam
887 2775 999 2826 manu
1017 2751 1172 2827 sortium
1190 2778 1304 2829 unam
1324 2755 1496 2848 extrahit,

112 2889 251 2981 etpost
269 2879 374 2954 illum
394 2878 510 2972 alius,
537 2886 736 2975 astansque
765 2875 962 2974 unicuique
991 2877 1190 2974 flagellifer
1218 2903 1371 2955 manum
1397 2879 1509 2956 illius·

111 3006 262 3096 retinet,
301 3029 372 3078 nec
399 3003 488 3079 sinit
514 3003 620 3078 illum
653 3001 779 3077 videre
809 3027 904 3101 quae
934 3001 981 3077 sit
1009 3001 1117 3077 litsra
1144 3027 1254 3103 quam
1284 3007 1517 3082 extraxerit..

111 3128 295 3204 Omnibus
324 3139 448 3202 autem
478 3152 582 3204 suam
605 3127 687 3226 jam
706 3125 953 3219 habentibus,
984 3124 1206 3228 Alytarcha,
1236 3143 1301 3207 aut
1328 3131 1496 3231 ipsorum

111 3278 204 3328 unus
224 3251 552 3328 Hellanodicarum
581 3250 801 3327 circumiens
829 3251 982 3352 inspicit
1000 3264 1118 3329 sortes
1137 3255 1322 3331 stantium·
1335 3257 1495 3359 circula,

110 3393 220 3479 atque
237 3379 290 3458 ita
309 3402 391 3453 eum
411 3378 473 3476 qui
493 3376 527 3454 A
546 3376 681 3469 habet,
710 3401 794 3451 cum
822 3403 867 3452 eo
897 3377 972 3476 qui.
988 3378 1148 3455 alterum
1177 3378 1210 3456 A
1239 3383 1417 3478 extraxit,
1447 3378 1495 3458 ad

110 3505 247 3580 luctam
267 3504 328 3578 vel
347 3497 584 3603 pancratium
609 3512 820 3603 comparat,
851 3503 1091 3603 similiterque
1112 3529 1197 3580 eum
1219 3505 1277 3581 cui
1298 3507 1330 3580 B
1350 3509 1512 3600 evenit,

111 3657 193 3708 oum
212 3630 330 3723 altero
351 3630 413 3729 qui
433 3630 463 3704 B
483 3629 616 3723 habet,
645 3640 682 3703 et
705 3629 868 3729 reliquos
896 3630 1064 3731 ejusdem
1082 3631 1212 3707 literae
1232 3633 1365 3708 eadem
1384 3635 1492 3710 ratio-

109 3782 163 3833 ne.
203 3753 327 3856 Atque
355 3755 408 3832 ita
436 3752 584 3863 quidem
613 3755 643 3830 si
672 3757 753 3856 pari
777 3781 933 3832 numero
952 3755 1025 3832 sint
1045 3759 1218 3834 athletae.
1259 3758 1299 3834 Si
1318 3770 1407 3834 v'ero
1426 3760 1493 3834 im-

109 3882 187 3983 pari
207 3905 381 3975 numero,
411 3880 517 3956 litera
545 3879 729 3979 quaedam
752 3881 873 3983 impar
892 3882 1048 3984 etipsa,
1079 3883 1142 3959 uni
1163 3894 1309 3959 tantum
1329 3886 1418 3960 sorti
1437 3884 1491 3959 in·

109 4008 265 4108 scripta,
295 4006 585 4107 respondentem
612 4007 682 4082 sibi
711 4007 822 4083 aliam
847 4032 921 4084 non
940 4007 1105 4103 habens,
1135 4035 1220 4084 cum
1240 4010 1389 4111 reliquis
1409 4012 1492 4112 inji-

109 4134 211 4210 citur.
251 4133 358 4208 Hanc
376 4132 438 4232 qui
459 4133 679 4227 extraxerit,
709 4132 875 4210 subsidet
902 4146 1106 4236 expectans
1136 4134 1225 4210 dum
1252 4133 1305 4211 illi
1326 4146 1491 4214 certave-

107 4259 198 4336 rint:
227 4283 302 4336 non
322 4257 421 4333 enim
440 4258 554 4333 habet
573 4284 619 4334 ex
639 4258 797 4336 adverso
818 4260 887 4336 sibi
907 4261 1199 4363 respondentem
1218 4262 1373 4340 literam.

744 4460 857 4537 1263.

208 4573 516 4698 Ἀλιυτάρχης
544 4597 585 4676 δέ
601 4607 704 4676 ἐστιν
723 4591 745 4678 ἀ
763 4601 829 4692 τῆς
847 4607 891 4678 ἐν
914 4603 970 4703 τῴ
995 4599 1253 4704 Ὀλυμπιακῴ
1282 4601 1403 4709 ἀγῶνι
1423 4602 1490 4684 ιά-

107 4728 271 4825 κοσμίας
290 4718 430 4826 ἄρχων.
647 4729 649 4733 ’
739 4839 840 4916 1263
911 4749 914 4753 ’
1033 4732 1214 4835 (Etymol.
1235 4734 1382 4833 Magn.)

212 4979 415 5084 Alytarcha
442 4991 567 5055 autem
595 4991 652 5057 est
679 4981 824 5062 decoris
854 4995 893 5062 et
920 4985 1061 5064 ordinis
1079 4986 1117 5062 in
1138 4988 1339 5064 certamine
1358 4987 1486 5103 Olym-

105 5109 252 5210 piorum
270 5107 442 5188 servandi
461 5107 682 5215 praefectus.
784 5194 789 5201 ,
1320 5195 1324 5199 ,

1231 5236 1270 5313 21
