3404 5782
147 325 226 400 488
520 343 830 396 consuescamus
848 340 901 392 aa
922 338 984 392 571.
1004 338 1067 394 57⁴.
1088 342 1152 392 sss.

147 567 230 632 uus,
249 539 315 616 sed
335 548 433 614 sorte
455 535 677 637 legebantur
695 559 741 610 ex
760 532 830 608 illis
850 533 912 631 qui
932 557 971 608 se
991 546 1126 635 sponte
1146 531 1387 610 offerebant.
1409 525 1454 603 Si
1474 551 1560 624 ergo

148 665 230 764 quis
250 688 289 738 se
309 661 356 737 ad
377 689 512 738 munus
531 659 660 736 arbitri
680 655 895 734 obeundum
915 657 1068 752 obtulit,
1098 685 1174 735 non
1202 666 1369 760 poterat
1387 678 1559 729 recusare

148 787 364 879 arbitrium,
383 786 484 886 quod
501 785 572 887 ipsi
592 793 691 860 sorte
712 781 917 877 obtigerat3
945 781 1111 883 alioquin
1136 783 1301 884 quilibet
1323 777 1558 856 arbitrorum

149 939 217 1016 pro
244 913 352 989 libitu
379 913 450 990 sibi
477 911 671 1008 selegisset
699 932 851 999 causas,
879 909 978 985 unde
1007 936 1166 1009 magnae
1195 920 1366 987 exortae
1398 906 1557 982 fuissent

148 1038 404 1133 difficultates,
424 1062 589 1113 necnon
608 1035 806 1110 innumera
824 1035 983 1133 partium
1000 1034 1227 1135 litigantium
1246 1033 1415 1110 damna.

255 1166 352 1241 Nam
379 1159 508 1239 arbitri
537 1156 676 1262 publici
706 1183 750 1234 eo
774 1156 931 1232 consilio
950 1157 1098 1236 fuerant
1115 1158 1339 1252 constituti,
1374 1183 1430 1233 ne
1459 1155 1555 1232 dics·

149 1290 262 1366 steria
289 1289 368 1364 sine
406 1283 680 1362 intermissione
707 1282 955 1358 considerent.
988 1277 1083 1367 ,Τὰς
1120 1281 1232 1367 δίκας
1271 1275 1556 1384 γυμνάζεσθαι

150 1411 302 1507 πρῶτον
317 1406 417 1506 παραὶ
440 1407 647 1497 διαιτηταῖς
665 1400 739 1500 πρὸ
758 1401 829 1479 τοῦ
846 1407 1038 1481 εἰσελθεῖν
1056 1410 1109 1493 εἰς
1127 1404 1172 1482 τὸ
1191 1403 1480 1502 δικαστήριον,
1498 1408 1556 1479 ἵνα

145 1532 200 1634 μὴ
220 1535 389 1631 συνεχῶς
416 1537 613 1645 καθίζωσι
643 1528 881 1627 δικαστήρια.
919 1533 1064 1627 (Schol.
1092 1533 1290 1612 Demosth.
1327 1561 1364 1610 c.
1396 1533 1556 1610 Androt.

151 1663 240 1755 593,
260 1663 342 1754 21.)
737 1764 813 1846 Ad
844 1765 938 1846 m

255 1929 501 2006 Doctissimus
519 1927 680 2005 Meiems
699 1929 832 2004 falsam
853 1953 933 2004 esse
954 1928 1043 2004 dicit
1062 1927 1284 2005 scholiastae
1307 1932 1556 2022 sententiam,

149 2083 233 2134 cum
252 2082 272 2131 e
292 2054 454 2154 quadam
472 2054 715 2155 inscriptione
736 2054 901 2146 (Βοεει
930 2054 1017 2130 Die
1040 2055 1218 2130 Demen
1240 2082 1346 2132 von
1371 2055 1557 2147 Astike

150 2210 186 2284 p.
207 2180 279 2273 20)
307 2191 489 2281 appareat
518 2205 617 2256 anno
647 2192 731 2255 ante
761 2177 952 2255 Christum
980 2180 1119 2268 32b-o‚
1151 2179 1379 2281 olympiade
1412 2182 1507 2276 113,
1527 2185 1558 2272 4,

149 2305 299 2383 nonnisi
321 2303 396 2378 104
415 2305 575 2382 arbitros
593 2306 717 2381 fuisse.
754 2305 854 2380 Hinc
874 2316 999 2382 tamen
1022 2305 1076 2380 nil
1095 2304 1193 2380 aliud
1213 2306 1417 2401 efficitur,
1451 2335 1559 2408 quam

150 2432 250 2531 quod
271 2458 316 2507 eo
334 2456 434 2506 enno
460 2442 608 2507 centum
628 2447 664 2508 et
692 2442 849 2531 quatuor
879 2431 999 2507 solum
1026 2430 1175 2506 arbitris
1202 2429 1290 2507 lites
1326 2436 1559 2512 commissae

149 2557 296 2634 fuerint.
344 2557 545 2632 Praeterea
571 2567 736 2648 constat,
774 2555 839 2632 illa
866 2568 987 2633 aetate
1017 2557 1109 2632 duas
1138 2555 1310 2633 extitisse
1345 2559 1559 2652 factiones,

149 2707 304 2783 quarum
332 2707 409 2757 una
436 2678 639 2756 Alexandri
669 2681 831 2781 partium
865 2692 965 2771 erat,
1004 2680 1121 2758 altera
1148 2705 1238 2756 vero
1268 2708 1349 2783 pro
1382 2684 1560 2763 libertate

150 2807 380 2884 Graecorum
408 2817 557 2882 strenue
587 2806 787 2882 nitebatur.
835 2806 1002 2908 Utraque
1031 2818 1216 2882 commota
1243 2810 1560 2914 perturbataque

89 3028 91 3032 Ι
150 2932 241 3023 fuit,
275 2957 388 3031 quum
417 2943 581 3007 oratores
610 2943 891 3020 accusarentur,
931 2933 1037 3009 donis
1065 2935 1113 3009 ab
1142 2934 1320 3033 Harpalo
1355 2951 1562 3040 corruptos

97 3115 106 3129 .
149 3054 283 3150 fuisse;
302 3054 494 3152 turbisque
514 3066 590 3130 tota
610 3056 698 3132 urbs
717 3054 951 3156 implebatur.
982 3056 1236 3159 (Hyperid.
1258 3058 1455 3161 fragm.
1479 3064 1562 3154 105,

153 3179 241 3268 106,
263 3179 371 3270 111.)

257 3303 357 3396 Quid
374 3302 508 3379 mirum
526 3304 660 3401 igitur,
689 3307 826 3382 multos
855 3310 956 3384 cives
983 3306 1022 3381 in
1041 3307 1163 3384 medio
1182 3305 1328 3385 barum
1352 3312 1562 3391 discordia·

149 3453 232 3505 rum
245 3427 436 3530 judicandi
455 3453 608 3505 munere
628 3430 878 3508 abstinuisse?
1242 3510 1256 3537 Ι

257 3551 316 3629 Ad
353 3553 590 3630 refutandum
623 3555 880 3653 scholiastam,
915 3555 987 3631 hoc
1016 3580 1162 3657 quoque
1190 3556 1285 3632 dicit
1316 3562 1564 3642 clarissimus

149 3679 330 3772 Meierus,
365 3679 522 3754 arbitros
550 3704 626 3754 non
654 3681 769 3756 fuisse
797 3681 1027 3757 tributim
1059 3691 1158 3756 sorte
1186 3693 1373 3778 creatos,
1408 3690 1482 3766 sed
1512 3719 1562 3768 ex

149 3803 957 3909 universisAtheniensibus3quod
977 3818 1102 3883 tamen
1122 3808 1562 3911 minimepr0b03nam

150 3932 356 4008 sortitio
380 3931 665 4028 magistratuum
685 3930 799 4008 fiebat
817 3932 1002 4026 tributim,
1031 3932 1216 4009 electio
1247 3945 1395 4033 autem
1417 3966 1469 4018 ex
1489 3943 1562 4019 uni-

150 4057 269 4133 versis
288 4053 588 4132 Atheniensibus.
629 4055 733 4148 (Vid.
754 4051 787 4155 §.
809 4056 1019 4130 381-385
1047 4058 1136 4132 item
1164 4082 1293 4134 meam
1316 4061 1563 4144 dissertatio·

149 4204 233 4254 nem
252 4179 290 4252 in
310 4178 578 4278 Philologo
598 4179 839 4279 Gottingensi
857 4182 943 4274 XV,
964 4210 999 4283 p.
1020 4182 1130 4274 728.)

737 4390 813 4472 Ad
832 4392 947 4475 5⁷4.

257 4552 388 4631 Pollux
408 4556 513 4649 VIII,
538 4557 631 4631 126:
662 4552 793 4631 Πάλαι
825 4551 989 4654 οὐδεμία
1019 4553 1109 4646 δίκη
1139 4560 1228 4652 πρὶν
1260 4565 1329 4634 ἐπὶ
1362 4562 1563 4658 διαιτητὰς

150 4679 341 4751 εἰσελθεῖν
359 4674 537 4779 εἰσήγετο.
568 4681 687 4774 (Olim
706 4684 809 4762 nulla
823 4686 929 4775 actio,
950 4685 1021 4762 nisi
1041 4686 1141 4785 prius
1158 4684 1205 4759 ad
1223 4689 1408 4770 arbitros
1429 4722 1561 4798 perve-

148 4805 269 4896 niret,
294 4805 631 4901 introducebatur.)

735 4911 811 4994 Ad
832 4915 947 4996 570.

257 5056 381 5134 Schol.
401 5056 441 5132 in
459 5057 650 5135 Demosth.
670 5059 758 5137 Mid.
781 5062 868 5155 542,
893 5063 960 5135 15:
979 5052 1087 5135 ’Ἔδει
1116 5056 1206 5147 τούς
1225 5059 1277 5136 τά
1301 5071 1436 5148 κοινὰ
1460 5075 1556 5148 διω-
