3436 5790
603 450 652 503 nn
673 451 973 508 conrascrmus,
1401 430 1479 510 ³83

97 642 217 721 sensio
243 644 426 723 exstiterit
444 646 542 721 inter
560 670 644 739 eos,
674 644 722 720 ad
742 645 889 723 tabulas
908 648 1068 744 reversi,
1102 646 1188 723 inde
1209 650 1478 724 controversia-

95 795 174 847 rum
193 769 479 872 explicationem
499 781 642 872 petant.
727 879 829 954 1489

199 1001 451 1106 Συγγραφῶν
469 999 672 1076 ποιοῦνται
699 995 944 1105 ἀντίγραφα,
972 1005 1038 1078 ἵνα
1067 1001 1193 1078 εἰδῶσι
1224 1008 1293 1080 καί
1317 1001 1371 1104 μή
1403 1035 1478 1081 τια-

96 1127 331 1224 ραβαίνωσιν
351 1128 387 1201 ολ
407 1131 650 1226 συνθέμενοι.

590 1342 594 1349 ⁴
677 1236 889 1329 (Demosth.
909 1240 947 1313 in
966 1237 1144 1340 Stephon.
1163 1240 1211 1335 II,
1235 1240 1369 1333 1137.)

708 1442 711 1449 -
737 1398 850 1475 1489.

199 1524 469 1602 Contractuum
487 1525 716 1628 exemplaria
734 1525 877 1602 faciunt
891 1527 1135 1627 paciscentes,
1148 1553 1196 1605 ne
1215 1552 1282 1628 per
1301 1526 1475 1626 ignoran-

97 1652 182 1725 tiam
201 1651 240 1725 in
260 1677 323 1727 eos
342 1662 512 1752 peccent.

732 1758 846 1834 1490.

200 1877 303 1968 Tot,-
321 1879 436 1978 κοινή
456 1885 775 1985 ἐκγραψαμένους
793 1877 862 1968 τάς
884 1878 1105 1974 συνθήκας,
1135 1886 1182 1959 αδ
1207 1893 1354 1960 κεῖνται
1375 1882 1475 1985 παρά

93 2034 186 2095 τινι,
216 2004 333 2081 πάλιν
351 2008 603 2105 σημήνασθαι.
706 2008 920 2101 (Demosth.
940 2009 978 2084 in
998 2009 1211 2113 Olympiod.
1235 2013 1368 2106 1180.)

731 2170 843 2247 1490.

197 2298 270 2391 Qui
289 2283 521 2400 pactionem,
550 2322 645 2396 quae
675 2296 775 2396 apud
801 2297 914 2373 aliurn
936 2296 1106 2399 deposita
1124 2308 1199 2393 est,
1230 2303 1477 2378 communiter

93 2424 323 2517 exscribunt,
352 2451 436 2499 eam
454 2422 576 2498 denuo
596 2420 807 2520 obsignent.

195 2713 459 2812 Συγγωρεῖται
481 2703 720 2802 ἀνοιχθῆναι
740 2703 808 2793 τάς
828 2702 1029 2798 συνθήκας
1047 2711 1108 2781 ἐπί
1127 2704 1198 2781 τοῦ
1228 2705 1474 2806 δικαστηρίου

93 2837 157 2906 καί
178 2828 346 2909 ἀκοῦσαι
368 2831 459 2921 τούς
476 2831 662 2920 δικαστάς
680 2839 749 2908 καὶ
770 2832 886 2910 πάλιν
914 2833 1159 2932 σημανθῆναι
1188 2839 1370 2911 ἐναντίον
1397 2835 1475 2912 τῶν

92 2955 292 3039 δικαστῶν.
706 2964 920 3059 (Demosth.
940 2965 979 3039 in
998 2961 1209 3064 Olympiod.
1232 2963 1366 3056 1181.)

726 3126 842 3202 1491.

194 3230 419 3308 Conceditur
437 3233 572 3332 aperiri
591 3234 630 3309 in
643 3233 785 3333 judicio
806 3235 998 3336 pactiones
1018 3244 1055 3308 et
1069 3234 1215 3310 recitari
1228 3233 1417 3336 judicibus
1436 3248 1473 3313 et

89 3367 212 3433 rursus
233 3357 424 3455 obsignari
443 3384 570 3435 coram
589 3359 672 3434 illis.
727 3466 828 3539 1492

183 3564 286 3645 Ὅσα
305 3599 361 3655 τις
380 3564 432 3646 ἀν
451 3562 656 3674 ὁμολογῶν
675 3574 892 3661 ξυνθέσθαι
908 3567 962 3668 μή
983 3570 1076 3669 ποιῇ
1098 3569 1199 3648 κατά
1229 3568 1296 3657 τάς
1325 3565 1470 3672 ὁμολο-

88 3698 191 3797 γίας,
222 3691 321 3784 πλήν
349 3684 405 3770 ὧν
433 3690 485 3770 ἀν
514 3693 624 3794 νόμοι
655 3693 886 3800 ἀπείργωσιν
915 3690 938 3787 ii
966 3693 1168 3796 ψήφισμα,
1209 3691 1362 3790 ήτινος
1390 3691 1467 3774 ἀπὸ
1558 3784 1563 3791 ,

88 3816 229 3897 ἀδίκου
246 3824 425 3920 βιασθείς
447 3817 620 3927 ἀνάγκης
640 3814 877 3926 ὁμολογήσῃ,
907 3828 975 3897 καί
995 3820 1065 3899 ἐάν
1092 3818 1169 3898 ἀπὸ
1189 3819 1306 3920 τύχης
1325 3822 1471 3923 ἀπροσ-

89 3944 256 4039 δοκήτου
284 3977 340 4032 τις
368 3940 480 4026 ἀκων
498 3947 675 4045 κωλυθῇ,
697 3946 810 4035 δίκας
829 3945 926 4024 εἶναι
945 3948 1025 4024 τῶν
1044 3941 1173 4024 ἀλλων
1192 3946 1352 4036 ἀτελοῦς
1371 3942 1469 4048 δμο-

87 4077 227 4176 λογίας.
827 4077 967 4173 (PlatO.
987 4078 1078 4179 Leg.
1096 4079 1164 4174 XI,
1185 4078 1274 4175 920,
1294 4081 1361 4172 D.)

724 4204 837 4280 1492.

190 4310 443 4410 Quaecunque
473 4311 555 4410 quis
583 4320 731 4410 pactum
761 4337 800 4387 se
828 4311 950 4387 fatens
979 4340 1055 4390 non
1080 4324 1248 4415 praestat
1266 4312 1469 4394 secundum

87 4447 288 4527 conventa,
318 4446 580 4535 praeterquam
610 4461 705 4534 quae
724 4436 827 4534 leges
846 4438 1046 4536 prohibent
1064 4440 1125 4514 vel
1145 4438 1336 4516 decretum
1357 4442 1418 4517 vel
1437 4442 1468 4516 si

86 4558 170 4659 quid
189 4561 323 4659 injusta
342 4572 492 4636 coactus
512 4560 732 4637 necessitate
757 4564 942 4659 convenit,
963 4563 1049 4638 etsi
1068 4565 1149 4665 quis
1167 4589 1256 4640 casu
1274 4566 1468 4668 inopinato

85 4685 220 4760 invitus
239 4684 440 4786 impeditus
461 4697 527 4778 est,
546 4685 592 4760 de
611 4685 762 4786 reliquis
775 4686 918 4787 judicia
939 4688 1014 4777 sint
1031 4691 1206 4765 conventi
1224 4716 1301 4768 non
1320 4692 1467 4767 servati.

180 4945 256 5026 ’Ἓν
276 4982 314 5027 τε
334 4950 551 5044 συνθήκαις
568 4958 637 5028 καί
658 4944 881 5059 ὁμολογίαις
899 4958 1111 5055 κυρίωτερα
1130 4954 1177 5032 τά
1194 4951 1332 5054 ὕστερα
1352 4961 1466 5055 νομί-

86 5083 185 5167 ζεται
204 5083 273 5152 καὶ
291 5077 519 5176 βεβαιίντερα
538 5078 616 5156 τῶν
633 5078 800 5179 πρώτον.

581 5192 789 5285 (Plutarch.
809 5205 949 5293 quaest.
969 5195 1115 5287 cons-ir,
1133 5198 1201 5292 IX,
1222 5195 1283 5290 13,
1303 5197 1360 5288 3.)
