3436 5790
589 369 898 426 counaurnarns
919 367 972 422 nn
991 367 1054 422 ssa
1074 369 1138 424 sss.
1483 346 1557 419 471

173 557 210 633 id
231 571 288 637 est
307 561 462 657 electos,
482 562 569 639 hinc
588 560 767 664 conjici0,
796 588 860 639 eos
880 588 926 639 ex
946 562 1118 640 omnibus
1141 559 1426 641 Atheniensibus
1445 560 1561 641 fuisse

172 695 323 762 sumtus.

759 788 836 872 Ad
857 790 972 872 ³04.

279 956 353 1034 Sed
383 985 456 1056 quo
487 969 596 1057 pacto
625 984 705 1032 sors
734 957 885 1033 creabat
918 982 1087 1032 novem
1114 956 1314 1033 archontes
1342 981 1362 1028 e
1391 953 1559 1031 decem

172 1083 370 1158 tribubus?
398 1085 493 1159 Rem
513 1083 673 1185 explicat
700 1079 814 1159 schol.
834 1083 873 1156 in
893 1080 1155 1183 Aristophanis
1174 1080 1285 1180 Vesp.
1306 1081 1385 1154 774
1404 1090 1441 1155 et
1461 1081 1557 1156 Plut.

173 1209 260 1282 277:
282 1209 318 1279 οἱ
341 1211 576 1280 θεσιιοθέται
596 1210 751 1301 (rectius
770 1211 878 1281 ἐννέα
898 1197 1101 1304 ἄρχοντες)
1120 1209 1188 1277 καὶ
1210 1200 1369 1287 δέκατος
1388 1194 1410 1277 ὅ
1433 1229 1558 1305 γραμ-

167 1327 311 1428 paz-aug
339 1329 523 1428 κληροῦσι
552 1325 644 1416 τούς
673 1326 858 1416 δικαστὰς
884 1325 975 1415 τούς
1002 1327 1067 1420 τῆς
1095 1324 1212 1419 αὐτῆς
1243 1325 1366 1421 φυλῆς
1384 1332 1556 1414 ἕκαστος.

171 1458 502 1552 (Thesmothetae,
541 1483 606 1534 seu
639 1458 763 1558 potius
790 1482 926 1533 novem
953 1456 1149 1533 archontes
1178 1465 1216 1532 et
1243 1455 1407 1532 decimus
1436 1456 1559 1532 scriba

170 1594 268 1659 sorte
287 1582 419 1682 legunt
431 1582 578 1683 judices
597 1582 765 1685 ejusdem
787 1581 905 1657 tribus
924 1582 1123 1680 singulus.)
1160 1581 1227 1656 Et:
1258 1579 1295 1652 οἱ
1319 1582 1557 1676 θεσμοθέται

170 1707 404 1807 (ponendum
432 1705 470 1777 οἱ
498 1709 607 1779 έννέα
628 1697 830 1800 ἄρχοντες)
859 1698 962 1777 κατὰ
982 1698 1112 1798 φυλήν
1130 1709 1290 1789 ἕκαστος
1306 1707 1375 1777 καὶ
1397 1701 1555 1789 δέκατος

171 1820 455 1932 ὄγηαμματεύς
483 1832 541 1925 (id
560 1843 617 1908 est
644 1830 680 1903 ci
707 1835 816 1904 έννέα
846 1821 1030 1928 ἄρχοντες
1058 1833 1127 1903 καὶ
1153 1827 1311 1914 δέκατος
1331 1820 1352 1902 ὅ
1375 1856 1556 1932 γραμμα-

170 1953 254 2043 τεύς
283 1953 384 2030 aurci
415 1953 544 2049 φυλήν
573 1962 763 2049 ἕκαστος]
791 1953 982 2053 έκλὴρουν
1011 1971 1080 2034 etc.
1130 1960 1251 2057 Igitur
1288 1952 1555 2057 paupertatatis,

169 2109 279 2182 quem
307 2084 505 2161 archontes
533 2084 604 2159 sibi
633 2083 878 2184 adlegebant‚
907 2085 1012 2185 quasi
1042 2084 1207 2162 decimus
1228 2084 1369 2161 archon
1391 2094 1447 2160 est
1466 2110 1551 2160 con-

168 2207 394 2286 siderandus.

275 2335 423 2410 Novem
442 2333 658 2426 archontes,
678 2344 889 2428 senatores,
911 2333 1114 2434 euthynos,
1136 2335 1311 2432 logistas,
1332 2345 1556 2435 receptores,

169 2460 411 2534 certaminum
431 2461 609 2553 arbitros,
640 2461 702 2560 qui
722 2470 820 2535 sorte
840 2460 1084 2554 creabantur,
1113 2459 1281 2534 tributim
1300 2471 1441 2535 sumtos
1461 2459 1551 2535 fuis-

168 2611 227 2675 se,
259 2596 386 2685 aperte
406 2595 588 2662 testantur
607 2585 731 2663 fontes
749 2585 887 2683 graeci.
918 2585 1015 2662 Hinc
1035 2611 1102 2687 per
1121 2584 1335 2684 analogiam
1355 2582 1552 2675 concludo,

168 2708 279 2785 etiam
298 2710 478 2810 reliquos,
507 2710 546 2785 in
573 2709 658 2810 lege
686 2735 769 2785 mea
797 2721 1039 2804 memoratos,
1068 2720 1168 2786 sorte
1193 2719 1338 2786 creatos
1358 2707 1553 2808 magistra·

167 2845 246 2928 tus,
278 2861 297 2909 e
316 2834 483 2934 qualibet
502 2834 615 2912 fuisse
634 2834 745 2909 tribu.

753 3025 829 3108 Ad
848 3026 964 3108 385.

273 3197 413 3271 Iterum
432 3221 477 3272 ex
496 3195 680 3294 analogia.
712 3197 808 3271 Nam
828 3196 859 3269 si
878 3205 976 3270 sorte
996 3196 1110 3270 creati
1130 3195 1369 3294 magistratus
1388 3193 1552 3270 tributim

165 3321 424 3413 sumebantur,
455 3322 622 3420 sequitur
650 3320 762 3396 etiam
789 3320 937 3394 inverse
966 3319 1133 3395 tributim
1153 3332 1295 3396 sumtus
1315 3320 1552 3419 magistratus

165 3457 263 3521 sorte
282 3457 426 3522 creatos
447 3447 571 3522 tuisse.
609 3448 666 3521 De
688 3447 874 3532 πωληταῖς
893 3457 1017 3520 καιτοι
1045 3457 1173 3546 aperte
1195 3446 1283 3522 dicit
1302 3446 1551 3546 Harpocratio

164 3563 215 3653 οἷς
236 3574 280 3642 ἐκ
299 3566 363 3657 τῆς
382 3565 505 3663 φυλῆς
526 3563 694 3657 ἑκάστης.

269 3714 538 3789 Difficultatem
555 3712 707 3814 pariunt
725 3713 997 3807 σωφρονισταὶ,
1017 3712 1063 3788 de
1083 3714 1218 3813 quibus
1237 3713 1394 3811 legimus
1407 3712 1547 3789 inLex.

150 3823 317 3935 xchuer.
339 3866 374 3937 p.
395 3838 493 3912 301:
523 3826 709 3933 ἄρχοντος
731 3839 1156 3931 χειροτονητοὶ..
1179 3831 1398 3925 ..ἑκάστης
1426 3833 1550 3931 φυλῆς
1659 3877 1663 3883 =

162 3955 225 4044 οἶς.
265 3962 360 4039 Cum
387 3975 512 4038 tamen
540 3963 653 4040 ceteri
681 3976 780 4039 sorte
809 3965 922 4039 creati
950 3966 1189 4064 magistratus
1215 3964 1422 4063 equalibet
1450 3963 1547 4039 tribu

162 4087 317 4181 fuerint,
338 4088 400 4163 vix
420 4088 641 4166 crediderim
659 4089 935 4191 sophronistas,
954 4100 1084 4192 utpote
1104 4088 1271 4165 tributim
1290 4100 1450 4183 sumtos,
1471 4090 1545 4167 suf·

161 4212 280 4311 hagio
299 4211 411 4289 fuisse
432 4215 579 4290 electos.

269 4337 326 4414 Of.
346 4334 380 4438 §.
400 4338 489 4415 374.

269 4462 455 4539 Ordinum
482 4463 597 4540 duces
624 4475 662 4540 et
688 4465 847 4558 tribuni,
887 4489 1112 4566 quamquam
1141 4490 1160 4538 e
1189 4464 1347 4564 singulis
1376 4467 1545 4544 tribubus

160 4589 291 4681 sumti,
320 4615 396 4663 non
424 4599 524 4665 sorte
553 4590 619 4668 sed
647 4589 825 4688 suffragio
855 4592 1089 4667 creabantur.
1128 4589 1251 4666 Causa
1269 4591 1310 4666 in
1329 4603 1459 4693 aperto
1479 4606 1544 4668 est.

160 4711 309 4787 Scilicet
338 4715 503 4812 equitum
530 4713 568 4788 in
596 4740 790 4792 numerum
820 4743 866 4792 ex
895 4717 988 4813 legis
1017 4716 1250 4818 praescripto
1269 4717 1294 4791 ii
1314 4730 1421 4793 erant
1446 4721 1542 4795 refe·

160 4838 287 4932 rendi,
316 4838 378 4938 qui
408 4850 445 4913 et
472 4838 712 4917 facultatibus
738 4849 775 4917 et
793 4839 937 4916 viribus
956 4841 1119 4943 corporis
1139 4853 1380 4940 praestarent.
1419 4842 1544 4919 Tanto

159 4962 279 5062 magis
307 4963 424 5061 igitur
450 4975 638 5065 praestare
666 4965 856 5047 debebant
883 4967 1124 5047 facultatibus
1150 4977 1184 5044 et
1205 4969 1346 5045 viribus
1374 4972 1542 5070 corporis

160 5089 324 5189 equitum
345 5090 542 5191 praefecti,
572 5119 638 5171 seu
656 5092 815 5186 tribuni,
846 5093 947 5193 quod
975 5095 1088 5171 tutius
1107 5095 1338 5194 probabatur
1356 5096 1543 5196 suffragiis
