3404 5782
696 420 757 470 JUS
778 421 985 474 restincti.

256 747 486 840 Δικάζονται
519 747 555 824 δὲ
585 749 738 842 ἐξούλης
761 747 861 824 κοῖπί
889 762 967 836 τοίς
995 757 1202 848 ἐπιτιμίοις,
1216 753 1250 824 ol
1267 749 1322 848 μή
1343 747 1530 848 ἀπολαμ-

149 875 334 973 βάνοντος
352 882 395 957 ἐν
412 873 458 972 τῇ
478 874 722 975 προσηκούσῃ
748 881 986 977 προθεσμίᾳ,
1017 870 1259 976 δπτρριιέρων
1286 882 1532 980 γιγνομένων

150 999 227 1075 τῶν
246 998 624 1079 καταδικασθέντων.
916 1006 1205 1108 (Harpocratioz
1232 1000 1418 1099 ἐξούλης.)

796 1148 883 1224 767.

86 1389 88 1392 ⁴
259 1292 449 1371 Actionem
468 1290 513 1368 de
534 1293 568 1367 vi
587 1291 784 1368 instituunt
802 1291 914 1369 etiarn
932 1292 976 1384 ii,
1006 1291 1067 1392 qui
1096 1292 1250 1366 mulctas
1269 1290 1454 1391 aliquibus
1473 1292 1523 1367 ir-

150 1429 299 1516 rogatas
326 1444 401 1494 non
428 1417 613 1519 recipiunt
641 1417 738 1493 intra
771 1418 1057 1533 convenientem
1093 1415 1267 1518 temporis
1304 1417 1525 1519 praescripti

150 1545 269 1637 diem,
297 1542 396 1643 quod
415 1541 579 1620 damnati
598 1552 744 1644 tempus
763 1544 1031 1647 praescriptum
1051 1540 1318 1644 praeterierint.

246 1840 326 1924 ’Ἂν
353 1879 407 1935 τις
437 1840 570 1942 ἔφλων
599 1845 713 1943 δίκην
736 1844 791 1945 μὴ
821 1853 974 1946 ἐκτίσῃ,
1007 1841 1139 1924 οίίκίτι
1159 1837 1298 1921 noreio
1321 1842 1437 1943 νόμος
1456 1842 1530 1937 τὴν

149 1966 301 2066 ἐξούλης
321 1970 446 2064 ἰδίαν,
477 1970 576 2048 oillei
598 1972 812 2076 προστιμρῖν
830 1972 1012 2051 ἐπιτάττει
1032 1972 1086 2074 τῷ
1106 1970 1285 2071 δημοσίῳ.

839 2103 1048 2201 (Demosth.
1069 2103 1106 2178 in
1125 2098 1287 2179 llidiam.
1310 2100 1419 2191 528.)
1525 2063 1534 2093 ι

803 2268 891 2344 768.

256 2411 295 2486 si
315 2412 396 2512 quis
416 2437 494 2488 rem
507 2410 712 2512 judicatam
731 2436 808 2487 non
827 2410 998 2503 solverit,
1028 2410 1088 2486 lex
1108 2408 1291 2484 actionem
1310 2406 1362 2480 rei
1381 2404 1530 2506 judiea-

149 2545 208 2611 tae
228 2563 303 2612 non
322 2539 481 2640 amplius
508 2539 692 2639 privatam
720 2538 827 2633 facit,
855 2536 923 2614 sed
955 2545 1150 2638 praeterea
1176 2533 1354 2609 mulctam
1381 2532 1530 2608 aerario

148 2662 243 2739 solvi
267 2662 385 2765 jubet.

247 3641 406 3740 ’Ἓφεσίς
426 3654 549 3736 ἐστιν,
580 3644 675 3723 ὅταν
701 3678 755 3736 τις
780 3645 856 3725 ἀπὸ
877 3648 1077 3740 διαιτητῶν
1098 3644 1119 3742 ἢ
1138 3645 1339 3746 ἀρχόντων
1359 3638 1381 3736 ἢ
1400 3641 1523 3743 ‹lopo-
1546 3647 1550 3662 '

149 3775 226 3849 τῶν
247 3777 305 3849 ἐπὶ
327 3768 513 3863 δικαστὴν
531 3772 625 3870 ἐφῇ·
656 3768 678 3865 ἢ
706 3771 782 3848 ἀπὸ
813 3776 953 3874 βουλῆς
982 3780 1040 3851 ἐπί
1063 3773 1208 3872 δῆμον,
1241 3768 1262 3864 ἢ
1289 3768 1365 3846 ἀπὸ
1397 3767 1521 3870 δήμου

148 3906 208 3976 ἐπὶ
228 3895 495 3995 δικαστήριον,
518 3894 540 3988 ii
559 3896 634 3973 ἀπὸ
656 3898 851 3975 δικαστῶν
868 3906 928 3976 ἐπὶ
947 3898 1105 3992 ξενικὸν
1125 3899 1381 3998 δικαστήριον.
1406 3894 1524 3992 Ἐφέ-

149 4051 255 4124 σιμος
284 4020 322 4099 δὲ
351 4018 576 4121 ὀνομάζεται
607 4016 627 4116 ἦ
657 4022 766 4115 δίκη·
797 4013 911 4101 αὗται
941 4025 979 4102 δὲ
1007 4032 1075 4101 καί
1103 4028 1284 4117 ἔκκλητοι
1312 4021 1421 4098 δίκαι
1446 4050 1524 4096 κα-

149 4149 328 4225 λοῦνται·
357 4146 460 4224 τὸδὲ
488 4149 937 4250 παρακαταβαλλόμενον
967 4156 1026 4226 ἐπί
1055 4149 1133 4226 τῶν
1161 4156 1325 4246 ἐφέστιον
1350 4145 1524 4249 παραβό-

149 4282 235 4352 λιον
255 4268 277 4366 ἢ
296 4273 522 4374 παράβολον
540 4280 694 4380 λέγεται.
933 4279 1085 4376 (Pollux
1104 4280 1208 4373 XIII,
1227 4279 1278 4355 62
1293 4278 1417 4369 -63.)

118 4400 126 4418 '
793 4405 880 4481 769.

256 4529 467 4632 Appellatio
478 4529 644 4624 habetur,
660 4530 808 4631 quando
819 4532 900 4634 quis
911 4533 959 4606 ab
970 4531 1130 4626 arbitris,
1147 4530 1393 4633 praetoribus,
1413 4529 1523 4606 tribu·

147 4658 243 4735 libus
263 4656 309 4732 ad
324 4655 489 4757 judicem
508 4682 657 4732 causam
676 4659 861 4753 transfert,
880 4659 937 4733 vel
958 4669 1130 4733 asenatn
1149 4657 1195 4733 ad
1214 4657 1407 4758 populum,
1429 4668 1525 4733 anta

149 4781 290 4885 populo
308 4780 355 4857 nd
375 4781 547 4874 tribunal,
567 4792 672 4858 anta
688 4782 877 4883 jndicibus
895 4784 943 4859 ad
962 4784 1084 4859 forum
1103 4782 1253 4882 aliquod
1272 4781 1523 4883 peregrinum.

150 4908 350 5010 Appellato
377 4918 500 4982 autem
528 4906 661 4982 dicitur
688 4934 810 4984 cansa.
848 4909 1040 4985 Vocantur
1063 4933 1152 4983 vero
1170 4908 1281 4982 etiarn
1299 4919 1524 5007 provocatae

149 5035 218 5112 hae
238 5058 381 5111 causae.
418 5033 601 5133 Deposita
619 5044 743 5110 antem
762 5034 1022 5135 appellationis
1052 5046 1138 5110 taxa
1157 5032 1290 5109 dicitnr
1308 5034 1448 5134 pignus
1467 5037 1525 5111 vel

148 5161 298 5261 sponsio
317 5157 603 5263 periclitationis.
1317 5190 1322 5198 ·
1519 5183 1521 5186 v
