3404 5782
687 397 749 446 ms
767 395 986 447 vaawu.

780 583 894 660 1519.

251 736 410 839 Sponsio
430 746 487 809 est
504 732 691 832 fidejussio
711 728 757 804 da
778 728 905 828 aliqua
925 755 975 805 ra.

781 890 894 967 1520.

254 1034 353 1122 Τοιίς
371 1031 556 1138 ἐγγυητὰς
576 1030 634 1109 δεῖ
649 1042 729 1120 τοῖς
748 1027 880 1117 αὐτοῖς
898 1035 1100 1127 ἐνέχεσθαι
1129 1034 1174 1103 ἐν
1202 1022 1347 1125 οἷσπερ
1380 1018 1465 1112 οὓς
1495 1021 1560 1129 ἦγ-

146 1164 351 1272 ηοήσαντο.
868 1159 1071 1254 (Αηάοοὶἀ.
1092 1155 1137 1233 de
1159 1167 1268 1260 myst„
1293 1150 1333 1255 ξ.
1356 1154 1456 1247 44.)

782 1323 898 1398 1520.

253 1475 461 1577 Sponsores
480 1468 517 1546 id
537 1472 660 1572 ipsum
679 1468 864 1561 debeant,
894 1466 994 1567 quod
1018 1464 1093 1559 illi,
1124 1487 1287 1562 quorum
1310 1473 1415 1538 sunt
1435 1462 1561 1538 vades.

778 1624 893 1701 1521.

257 1753 332 1843 Τάς
351 1751 491 1861 ἐγγύας
510 1757 702 1840 ε’·πετείους
721 1746 830 1828 εἶναι.

797 1858 1013 1956 (Demosth.
1035 1856 1118 1934 adv.
1140 1855 1302 1957 Apatur.
1327 1858 1458 1952 901.)

786 2022 901 2099 1521.

255 2154 484 2258 sponsiones
503 2175 649 2230 annuae
668 2159 790 2228 sunto.

736 2450 954 2554 Τμήμαδ.

460 2605 609 2699 Περί
666 2591 1220 2697 παρακαταθήκης.

749 2868 873 2946 Sectio
903 2871 937 2944 4.

632 3017 707 3091 De
754 3011 1058 3116 deposito.

790 3209 902 3285 1522.

257 3347 605 3447 Παρακαταθήκη,
635 3347 735 3447 δόμα
749 3346 847 3447 μετὰ
867 3351 1034 3433 πίστεως.

835 3478 975 3573 (Plato.
997 3477 1233 3554 definitiones
1255 3478 1354 3573 415,
1378 3482 1453 3577 D.)

785 3641 898 3718 1522.

257 3767 481 3870 Depositum
501 3776 557 3841 est
575 3792 635 3842 rea
655 3792 740 3844 cum
759 3766 832 3844 fide
851 3767 996 3844 tradita.

787 3927 900 4003 1523.

262 4064 611 4166 Παρακαταθήκην
640 4063 857 4164 δεινότερον
887 4064 1112 4163 ἀποστερεῖν
1142 4061 1164 4157 ή
1193 4062 1368 4148 δάνειον.
1395 4063 1449 4147 ‘0
1477 4067 1540 4174 γάρ

152 4194 221 4284 τήν
241 4189 575 4290 παρακαταθήκην
593 4187 814 4289 ἀποστερῶν
832 4197 954 4287 φίλον
984 4188 1129 4266 ἀδικεῖ·
1160 4187 1288 4278 οὐδείς
1317 4193 1398 4296 γὰρ
1427 4225 1540 4293 παρα·

154 4322 410 4393 κατατίθεται
423 4313 477 4416 μή
499 4314 704 4392 πιστεύων·
735 4305 785 4392 οὗ
806 4314 842 4392 δὲ
863 4311 907 4390 τὸ
923 4325 1050 4415 χρέος,
1082 4313 1129 4390 οά
1151 4320 1276 4409 φίλος.
1310 4316 1427 4418 Πρὸς
1446 4320 1483 4397 δὲ
1502 4319 1539 4414 πή

156 4448 269 4544 ζημίη
289 4448 358 4519 καί
378 4441 447 4534 τήν
467 4447 597 4518 πίστιν
615 4445 855 4542 παραβαίνει.
876 4436 964 4516 ’Ἔτι
994 4444 1070 4517 τῶν
1094 4445 1169 4539 μίν
1189 4432 1208 4532 ή
1231 4439 1336 4530 δόσις
1368 4446 1539 4541 φυλακής

155 4575 223 4646 καί
245 4566 460 4655 ἀποδόσεως
475 4567 616 4667 χάριν,
645 4565 723 4645 τῶν
742 4565 780 4644 δὲ
799 4573 869 4641 καί
890 4563 1083 4660 ὠφελείας.

772 4694 983 4788 (Aristotel.
1005 4696 1191 4773 Problem.
1211 4697 1363 4794 XXIX,
1382 4703 1441 4794 2.)

789 4857 902 4933 1523.

262 5004 485 5103 Depositum
514 5003 686 5079 fraudare
715 5005 868 5102 gravius
896 5015 952 5080 ast
980 5030 1091 5104 quam
1119 5014 1298 5080 mutuum.
1339 5009 1418 5101 Qui
1448 5011 1537 5085 enim

157 5129 369 5238 depositum
394 5127 557 5225 fraudat,
586 5130 703 5208 amico
730 5130 904 5235 injuriam
932 5130 1040 5229 facit3
1067 5155 1178 5208 nemo
1206 5131 1309 5210 enim
1339 5137 1536 5238 quidquam
