3436 5790
473 398 780 488 dourrsurnurus
799 434 853 485 An
874 432 936 486 23⁰.
958 421 1104 489 raucas.
1410 410 1487 485 45³

96 633 166 727 ba,
194 633 255 731 qui
278 633 461 733 praelegit
481 627 654 706 mandata
674 629 818 704 senatui
838 610 1046 730 ot'populo.
1087 627 1300 704 Secundum
1320 639 1488 729 tempora

98 758 342 850 mutabatur.)

206 881 263 961 Cf.
283 883 545 983 Rangobdz·
570 879 782 982 Antiquitc
801 878 1050 982 Helleniques.
1080 884 1145 959 Nr.
1165 878 1254 956 273.
1275 877 1363 956 274.

686 1091 763 1176 As
782 1094 897 1179 2³⁰.

205 1263 340 1340 Pollux
368 1259 473 1355 VIII,
501 1262 571 1337 98:
602 1258 918 1339 Gontrsrorulator
956 1263 1117 1363 primum
1153 1261 1305 1361 quidcm
1343 1261 1483 1336 'clectus

98 1399 195 1484 erut,
224 1399 356 1492 posteo
373 1415 463 1466 vero
482 1398 580 1467 sorte
601 1388 806 1466 creausus.

684 1600 760 1685 Ad
782 1603 899 1684 2³2.

204 1748 455 1846 Probobiliter
487 1778 574 1871 post
609 1768 815 1846 debellatos
843 1769 977 1846 Persas
1004 1769 1174 1847 instituti.
1222 1766 1279 1846 uf.
1310 1763 1484 1843 Grote:

97 1895 251 1999 History
270 1894 314 1971 of
328 1896 482 1972 Grecos.
512 1894 594 1971 Vol.
615 1895 661 1972 V.
682 1923 717 1997 p.
739 1894 827 1971 371.

204 2017 463 2098 Aristotel.
487 2020 633 2096 Polit.
653 2019 720 2113 VI,
741 2023 776 2113 5,
797 2019 842 2097 3:
871 2019 1001 2099 Altera
1020 2021 1232 2122 procuratio
1251 2020 1485 2116 (ἐπιμέλεια)

97 2157 153 2225 ost
171 2170 294 2223 rerum
312 2145 537 2222 urbanarum
557 2155 671 2245 quum
689 2145 921 2245 publicarum
951 2156 1030 2221 tum
1060 2145 1316 2246 miraturum,-
1341 2157 1383 2245 ut
1400 2171 1486 2224 cum

97 2271 251 2349 decente
280 2282 413 2346 ornatu
441 2268 613 2346 aedificia
642 2280 678 2344 ct
706 2271 788 2345 viae
818 2281 919 2347 tutae
943 2281 1230 2364 conserventur,
1259 2283 1297 2348 et
1320 2269 1487 2374 collapso

97 2397 329 2490 reficiantur,
360 2407 396 2473 et
423 2396 559 2472 limites
587 2421 802 2473 communes
829 2395 909 2473 sine
940 2396 1169 2496 querimonia
1198 2407 1416 2492 teneantur,
1448 2408 1485 2472 et

97 2535 223 2601 cetera
251 2547 345 2622 quae
374 2520 531 2599 similem
559 2547 688 2600 curam
706 2522 905 2622 attingunt.
943 2521 1148 2625 Appellnnt
1167 2532 1293 2600 autern
1313 2524 1482 2624 plerique

96 2651 209 2728 talem
236 2651 497 2751 magistratum
524 2652 792 2755 astynomiam,
822 2675 916 2750 quae
947 2651 1072 2751 plures
1101 2675 1255 2727 numero
1275 2661 1401 2751 partes
1419 2650 1484 2727 ha-

96 2777 178 2854 bet:
217 2787 327 2876 atque
356 2776 488 2852 harum
515 2776 595 2852 aliis
624 2776 755 2852 alios
743 2802 784 2853 rn
811 2776 967 2853 urbibus
997 2775 1143 2874 magnis
1173 2776 1415 2877 praeficiunt,
1443 2760 1492 2852 ut¹

97 2902 279 3005 quosdam
298 2899 471 2978 curandis
490 2901 705 2997 moenibus,
732 2901 823 2978 alios
842 2900 1009 2993 fontibus
1030 2911 1067 2977 et
1087 2899 1260 2979 ductibus
1279 2927 1481 3004 aquarum,

95 3026 294 3105 nonnullos
313 3027 494 3129 portubus
514 3025 671 3105 tuendis

202 3150 262 3231 Ad
281 3162 496 3256 astynomus
515 3152 628 3251 igitur
646 3164 734 3228 sunt
759 3152 1015 3229 referendit
977 3152 1088 3229 etium
1108 3140 1309 3241 ὃδοποιοι,
1338 3154 1383 3232 dc
1404 3155 1483 3256 qui·

95 3282 164 3359 bus
192 3278 346 3355 schol.
337 3302 374 3352 rn
404 3276 578 3355 Aeschin.
607 3276 838 3379 Ctesiphont.
867 3276 963 3371 (25)
993 3277 1102 3356 dicit:
1133 3306 1169 3351 οι
1158 3273 1489 3376 (ἐπιμελούμενοί

95 3402 160 3493 τῆς
178 3397 445 3499 καθαρότητος
463 3396 541 3473 τῶν
561 3389 675 3474 ὁδῶν.
716 3389 899 3478 Deinde
879 3404 1051 3501 corusci,
1082 3403 1127 3480 dc
1158 3405 1292 3506 quibus
1324 3406 1483 3506 legimus

95 3532 133 3607 in
161 3529 352 3608 anecdotis
378 3527 524 3626 graccis
552 3525 712 3603 Bekkeri
742 3529 791 3621 (Ι.
820 3527 996 3629 p.:287)
1036 3520 1133 3624 ἀρχή
1161 3530 1219 3613 τίς
1247 3533 1373 3618 ἐστιν,
1404 3524 1483 3620 ἥτις

46 3665 51 3684 ¹
96 3649 263 3758 ἄφώριζο
289 3647 336 3727 cci
367 3648 446 3725 idea
475 3654 544 3724 καὶ
574 3645 621 3723 τὰ
650 3644 811 3748 δημόσια
839 3649 1133 3750 οἰκοδομήματα
1162 3650 1255 3752 πρὸς
1280 3650 1326 3728 τὰ
1355 3657 1483 3730 οἰκεῖα

97 3776 261 3854 ἑκάστου
275 3784 415 3879 μέτρα,
437 3767 551 3875 ὥςπέρ
570 3793 668 3864 τινες
687 3768 794 3864 iimcc
813 3782 1018 3882 γεωμέτραι
1037 3806 1106 3854 και
1097 3770 1380 3879 οριοδεῖκται
1408 3785 1482 3860 De·

95 3909 206 4008 nique
235 3908 307 3986 huc
332 3907 479 3986 videtur
507 3906 730 4010 pertinuisse
758 3906 880 3985 otium
901 3902 1268 4000 κρυνοφυλάκων
1245 3905 1368 4007 appi,
1399 3911 1481 3988 fon.

96 4034 183 4112 tium
203 4045 415 4112 curatorum
432 4058 584 4130 munus,
613 4035 719 4135 cujus
738 4013 907 4110 meminit
925 4033 1058 4111 Pollux
1078 4035 1183 4130 VIII,
1205 4036 1291 4112 113.

202 4159 313 4264 Apud
333 4158 652 4239 Lacedaemonios
671 4157 718 4236 de
736 4156 807 4235 riis
826 4157 985 4261 publicis
1004 4183 1111 4261 rcgcs
1126 4150 1357 4262 judicabunt.
1375 4165 1479 4260 (He.

94 4287 250 4365 rodot.
271 4287 338 4383 VI,
361 4284 421 4383 57,
444 4288 500 4380 5.)
681 4372 756 4470 M
777 4376 880 4471 ²3⁴

202 4556 306 4636 Haec
325 4559 384 4636 lex
404 4557 553 4636 videtur
571 4569 691 4636 aetate
723 4553 865 4636 medice
893 4556 1108 4635 comoediae
1133 4546 1209 4637 latu
1228 4559 1365 4661 fuisse3
1392 4589 1480 4641 nam

94 4686 132 4761 in
151 4682 330 4761 Timoclis
349 4683 539 4763 comoedia
557 4677 832 4777 φιλοδικαστῆς
858 4683 1039 4786 inscripta
1066 4685 1203 4786 legitur
1231 4687 1330 4790 apud
1361 4686 1476 4766 Athe·

94 4834 229 4887 nseum
247 4806 334 4905 (VI,
355 4811 472 4904 245J:
502 4808 652 4913 Aperite'
676 4792 755 4912 jum
780 4810 898 4905 fores,
925 4821 966 4886 ut
985 4807 1032 4886 ad
1051 4810 1172 4889 lucem
1192 4814 1310 4913 magis
1329 4816 1476 4917 conspi-

94 4935 309 5030 misimus,
337 4937 366 5012 si
395 4936 613 5014 circumiens
642 4961 946 5038 gynacconomus
976 4939 1172 5016 numerare
1204 4939 1286 5042 uult
1313 4967 1424 5020 secu
1434 4962 1483 5019 n-'

94 5060 198 5137 dum
226 5085 404 5137 novam
431 5062 587 5163 legem
624 5054 824 5158 (ἀριθμὸν
856 5051 991 5159 λαβεῖν
1024 5055 1125 5136 κατὰ
1155 5039 1227 5138 cdv
1252 5061 1377 5163 νόμον
1404 5061 1476 5141 τὸν

93 5187 267 5281 καινόν),
296 5198 337 5265 ut
354 5188 466 5284 solet,
495 5186 748 5267 convivantes.
786 5242 789 5247 ,
