3436 5790
704 365 767 414 Jus
784 360 1004 412 ParvATuM.

749 549 886 648 Τμῆμα
914 544 965 624 α’.

506 697 739 794 Χρῆσις
786 693 900 768 τῶν
947 685 1199 768 ὑδάτων.

645 968 653 984 ’
762 964 952 1042 Seuti01.

606 1111 759 1186 Usus
806 1134 1104 1209 aquarum.

802 1288 915 1365 1462.

261 1394 393 1473 Ὅπου
408 1403 482 1495 μέν
501 1403 576 1472 ἐστι
598 1394 782 1494 δημόσιον
801 1399 919 1492 φρέαρ
939 1388 1048 1480 ε’ντάς
1068 1392 1248 1484 ἱππικοῦ,
1262 1389 1439 1491 χρῆσθοι
1459 1387 1554 1467 τού-

121 1594 123 1597 ,
166 1554 220 1624 τῳ
235 1552 241 1565 ·
258 1519 373 1598 ’ὅπου
394 1521 431 1598 δέ
452 1527 585 1598 πλεῖον
613 1518 766 1618 ἀπέχει,
796 1527 921 1612 ζητεῖν
948 1514 1053 1621 ὕδωρ
1082 1517 1206 1596 ἴδιον·
1222 1515 1306 1596 ἐ’-ἀν
1325 1517 1364 1594 δέ
1384 1514 1554 1617 ὀρύξαν-

162 1672 227 1736 τες
241 1647 409 1753 ὀργυιῶν
429 1649 521 1725 δέκα
540 1646 669 1748 βάθος
689 1656 775 1748 παρ’
797 1653 947 1734 ἑαυτοῖς
967 1645 1022 1745 μὴ
1043 1643 1203 1746 εὕρωσι,
1233 1647 1316 1723 τότε
1337 1643 1554 1746 λαμβάνειν

163 1773 265 1875 παρά
287 1776 359 1850 τοῦ
380 1781 552 1880 γείτονος
573 1772 743 1872 ἑξάχουν
760 1766 902 1872 ὑδρίαν
913 1771 969 1859 ὃῖς
981 1771 1141 1864 ἑκάστης
1153 1767 1287 1873 ἡμέρας
1303 1771 1553 1871 πληροῦντας.

743 1903 952 1997 (Plutarch.
973 1902 1049 1979 Sol.
1070 1903 1132 1979 23.
1163 1904 1242 1981 Lex
1263 1902 1446 1995 Solonis.)

272 2177 348 2253 Ubi
367 2176 540 2278 publicus
560 2186 617 2252 est
635 2187 770 2278 puteus
783 2232 791 2269 ‚
804 2065 1054 2273 iisssiiustum
1072 2175 1172 2250 intra
1190 2175 1354 2275 spatium
1373 2174 1556 2273 equestris

164 2328 292 2379 cursus
312 2301 369 2393 (id
389 2313 445 2378 est
463 2300 665 2378 stadiorum
685 2304 877 2401 quattuor)
898 2300 1026 2375 venire
1045 2300 1174 2375 liceat:
1205 2300 1267 2397 qui
1296 2324 1386 2375 vero
1406 2300 1555 2397 longius

165 2429 320 2522 absunt,
341 2427 533 2529 propriam
552 2427 623 2502 sibi
642 2453 776 2527 aquam
797 2434 997 2524 quaerant;
1026 2424 1157 2525 quodsi
1177 2435 1261 2498 acto
1281 2422 1328 2499 ad
1351 2424 1483 2500 decem
1501 2424 1555 2498 ul·

165 2577 299 2629 narum
327 2551 559 2628 altitudinem
589 2563 703 2654 puteo
732 2575 868 2649 aquam
898 2575 972 2623 non
1000 2549 1232 2641 invenerint,
1273 2558 1355 2624 tum
1382 2576 1405 2624 a
1431 2548 1555 2624 vicino

166 2703 300 2776 aquam
311 2686 450 2778 petant,
463 2676 625 2776 quotidie
648 2702 779 2753 urnam
799 2700 864 2751 sex
884 2672 1065 2751 chcarum
1086 2699 1261 2776 capacem
1279 2675 1338 2751 bis
1347 2674 1556 2779 implentes.

756 2956 975 3058 Tuiuass'·

675 3108 829 3202 Περὶ
884 3097 1051 3201 ὅρων.

826 3265 897 3279 ΚΑΛ-ἱ.

772 3378 895 3455 Sectio
925 3378 959 3454 2.

670 3525 746 3599 Dc
801 3519 1060 3597 finibus.'

810 3698 924 3775 1463.

285 3822 386 3910 Τοάς
401 3826 476 3922 μὲν
494 3816 592 3898 ἀλλο
611 3853 647 3896 τι
667 3819 903 3917 φυτεύοντος
921 3829 966 3898 έν
984 3817 1115 3926 ἀγρῷ,
1136 3828 1244 3902 πέντε
1263 3821 1382 3911 πόδας
1401 3819 1562 3921 ἀπέχειν

179 3952 249 4027 τοῦ
279 3956 474 4055 γείτονος,
503 3945 594 4036 τοάς
628 3946 665 4023 δι’
696 3946 820 4038 συκῆν
849 3943 872 4039 ἢ
900 3951 1058 4038 ἐλαίαν,
1086 3953 1216 4025 ε’·ννέα·
1246 3957 1463 4049 πορρωτέρω
1488 3949 1562 4054 γάρ
1635 3977 1639 3985 ’

173 4084 379 4168 ἐξικνεῖται
406 4075 529 4151 ταῦτα
555 4084 637 4161 ταῖς
665 4076 803 4172 ρι’ζαις·
841 4077 910 4147 καὶ
939 4069 986 4149 οὐ
1019 4071 1111 4148 πᾶσι
1139 4074 1285 4178 γειτνιᾷ
1315 4086 1395 4162 τοῖς
1423 4089 1562 4172 φυτοῖς

173 4198 335 4293 ἀσινῶς,
369 4198 468 4278 ἀλλά
497 4205 566 4276 καὶ
596 4197 746 4300 τροφήν
776 4209 1011 4299 παραιρεῖται
1047 4203 1118 4273 καὶ
1154 4195 1408 4297 βλάπτουσαν
1443 4206 1562 4291 ἐνίοις

173 4324 367 4429 ἀπορροὴν
385 4323 530 4423 ἀφίησι.
758 4329 966 4424 (Plutarch.
987 4327 1061 4406 Sol.
1082 4328 1144 4405 23.
1174 4330 1252 4408 Lex
1272 4331 1452 4428 Solonis.)

282 4599 356 4694 Qui
381 4599 481 4677 aliud
513 4603 647 4701 (quam
674 4601 787 4677 ficum
805 4489 1030 4691 ἀάἀάλεοω)
1060 4600 1234 4701 plantant
1251 4601 1291 4676 in
1311 4626 1424 4702 agro,
1454 4605 1561 4704 quin-

174 4752 245 4830 que
274 4724 413 4828 pedum
439 4728 561 4828 spatio
589 4753 612 4803 a
639 4727 761 4803 vicino
788 4724 827 4801 id
855 4736 1092 4820 removeant3
1122 4727 1185 4825 qui
1214 4739 1338 4804 autem
1367 4729 1478 4807 ficum
1497 4740 1562 4808 aut

179 4854 321 4948 oleam,
350 4877 509 4949 novem3
535 4879 622 4928 nam
641 4854 777 4954 stirpes
795 4852 905 4928 latius
924 4878 1011 4928 suas
1029 4853 1174 4929 radices
1194 4853 1420 4952 extendunt,
1442 4883 1564 4959 neque

173 4978 328 5058 innoxia
345 4976 519 5057 omnibus
537 4977 619 5055 aliis
637 4979 775 5080 plantis
795 4988 850 5055 est
868 5002 997 5054 earum
1015 4979 1204 5074 vicinitas,
1227 4980 1327 5079 quod
1347 4992 1385 5057 ct
1406 4982 1562 5060 alimen·

253 5104 318 5184 ,iis
334 5102 561 5189 subnatant
578 5113 617 5183 et
634 5103 826 5183 humorem
843 5105 917 5185 illis
935 5104 1112 5184 infestum
1130 5105 1317 5183 exhalent
