3436 5790
217 371 294 451 338
507 349 510 354 ’
756 390 1056 448 rnsrnrvnrnn.

326 713 371 787 Οἱ
401 715 548 802 ποιητοί
578 706 705 795 παῖδες
733 711 963 784 ἐπανελθεῖν
991 711 1043 795 είς
1070 704 1141 784 τὸν
1169 702 1350 808 πατρῷον
1373 693 1601 780 οίκονόῖίαι

216 842 288 913 εἰσι
308 835 437 937 κύριοι
449 894 459 927 ,
483 840 519 911 εἰ
532 831 585 934 μὴ
607 832 743 921 παῖδας
771 836 951 936 γνησίους
980 836 1231 908 καταλίποιεν
1257 839 1300 907 ἐν
1328 829 1382 929 τῷ
1404 828 1507 928 οἴκῳ
1526 823 1599 902 τοῦ

218 967 483 1061 ποιησαμένου.
592 962 876 1064 (Harpocratiot
906 951 965 1032 ὅτι
985 960 1021 1032 οἱ
1042 961 1204 1050 ποιητοί.
1232 959 1380 1054 Solonis
1398 959 1493 1049 lex.)

861 1123 972 1198 1431.

324 1250 501 1353 Adoptivi
529 1250 596 1326 filii
624 1250 759 1326 reverti
787 1250 830 1345 in
855 1259 1052 1349 paternam
1080 1224 1231 1322 domum
1254 1247 1317 1347 jue
1342 1270 1420 1320 non
1439 1241 1601 1336 habent,

161 1362 197 1423 ’δ’
217 1379 287 1453 nisi
305 1378 489 1477 genuinos
508 1375 645 1451 liberos
664 1375 919 1475 relinquerent
931 1373 971 1448 in
984 1372 1094 1448 domo
1106 1373 1185 1471 ejus
1196 1371 1258 1471 qui
1269 1398 1332 1446 eos
1343 1369 1602 1471 adoptaverat

857 1533 971 1608 1432.

327 1656 384 1736 Οὐ
407 1657 575 1746 δίκαιον,
605 1652 765 1748 ποιητὸν
783 1652 872 1731 υίὸν
891 1660 1038 1754 ἑτέρους
1056 1650 1237 1757 εἰσάγειν,
1266 1650 1350 1728 ἀλλ’.
1370 1654 1601 1758 ἐγκαταλεί-

220 1815 304 1861 πειν
318 1789 392 1882 μέν
411 1789 663 1888 γιγνομένους
674 1840 684 1872 ,
715 1779 811 1858 ὅταν
830 1781 869 1858 δὲ
888 1781 993 1857 τοῦτ’
1013 1785 1202 1876 ἐπιλείπῃ,
1231 1792 1311 1868 τοῖς
1330 1787 1480 1884 γένεσιν
1499 1775 1601 1855 αἶπο-

221 1908 372 1986 διδόναι
390 1908 459 1996 τοὶς
477 1912 745 2020 κληρονομίας.
820 1912 1032 2005 (Demostlr.
1051 1911 1135 1987 adv.
1155 1911 1334 1986 Leocher.
1356 1910 1496 2002 1099.)

858 2077 981 2152 mee.-
1047 2131 1060 2166 4

325 2204 411 2278 Non
429 2217 487 2282 eet
504 2209 665 2305 aequum
684 2231 779 2299 eum,
800 2205 864 2304 qui
880 2214 937 2280 est
953 2202 1152 2304 adoptivus
1172 2204 1280 2298 filius,
1303 2203 1480 2280 inducere
1501 2204 1603 2299 alios,

219 2330 284 2404 sed
304 2328 510 2429 relinquere
530 2357 549 2405 e
570 2341 754 2424 senatos,
784 2331 842 2405 sin
871 2341 995 2406 autem
1024 2328 1094 2404 hoe
1124 2330 1322 2424 defecerit,
1352 2331 1524 2428 cognatis
1542 2331 1604 2406 he·

218 2454 394 2529 reditates
414 2456 567 2531 restitui.

863 2560 975 2637 1433.

330 2690 418 2770 Τοῖς
438 2689 656 2775 ποιηθεῖσιν
676 2680 755 2759 οὐκ
775 2678 864 2774 ἐξὸν
889 2681 1120 2772 διαθέσθαι,
1151 2679 1248 2759 ἄλλοί
1272 2681 1415 2776 ζῶντας
1434 2690 1604 2790 ἐγκατα-

220 2807 400 2895 λιπόντας
419 2807 507 2884 υῖὸν
525 2808 684 2913 γνήσιον
703 2814 910 2899 ἐπανιέναι,
933 2805 955 2901 ἢ
973 2807 1267 2901 τελευτήσαντας
1286 2807 1517 2887 ἀποδιδόναι
1537 2809 1605 2903 τὴν

220 2938 488 3032 κληρονομίαν
505 2946 585 3023 τοῖς
604 2943 642 3027 ἐξ
663 2932 781 3032 ἀρχῆς
800 2939 962 3026 οἰκείοις
982 2927 1068 3010 οὖσι
1088 2933 1160 3010 τοῦ
1181 2943 1449 3037 ποιησαμένου.

538 3065 751 3159 (Demosth.
771 3064 855 3140 adv.
876 3063 1055 3139 Leochar.
1079 3063 1191 3139 1100.
1221 3065 1300 3142 Lex
1321 3064 1501 3158 Solonie)

329 3334 527 3436 Adoptatis
555 3360 631 3411 non
660 3334 747 3411 lieet
773 3220 1041 3411 teetaiiidritum
1068 3336 1213 3428 faeere,
1242 3334 1308 3410 sed
1332 3336 1524 3428 viventes,
1551 3361 1606 3412 re·

221 3460 307 3535 licto
325 3460 485 3535 naturali
504 3459 600 3553 filio,
632 3471 779 3560 oportet
797 3459 918 3535 redire
937 3459 984 3535 ad
1004 3486 1111 3535 suam
1130 3459 1331 3555 familiam,
1357 3473 1422 3537 aut
1440 3471 1606 3538 mortuos

221 3583 375 3661 reddere
396 3584 639 3660 hereditatem
659 3585 788 3686 primis
807 3585 978 3681 cognatis
999 3585 1098 3686 ejus,
1128 3585 1190 3683 qui
1209 3584 1465 3686 adoptaverat

333 3845 470 3936 Οὐδείς
498 3845 647 3924 πώποτε
675 3854 879 3942 ἐκποίητος
906 3849 1111 3956 γενόμενος
1138 3858 1372 3951 κληρονομεῖ
1397 3852 1470 3928 τοῦ
1490 3852 1609 3930 οίκοιι

223 3968 322 4050 ὅθεν
341 3970 566 4066 ἐξεποιήθη,
596 3973 666 4052 ἐοὶν
679 3972 733 4074 μὴ
753 3981 946 4074 ἐπανέλθῃ
964 3975 1066 4051 κατοὶ
1086 3975 1158 4057 τὸν
1176 3976 1312 4076 νόμον.

823 4108 973 4199 (Isaeus
993 4106 1039 4184 de
1059 4107 1244 4210 Astyphil.
1266 4107 1343 4184 her.
1363 4103 1397 4208 ξ.
1418 4108 1503 4198 33.)
1613 4135 1621 4153 ·

862 4269 881 4342 1
908 4269 977 4344 34.

331 4373 452 4450 Nemo
482 4401 648 4474 unquam
676 4375 838 4452 alienam
862 4270 912 4452 id
921 4375 1072 4453 domum
1091 4339 1345 4480 emnncipatus
1365 4373 1612 4454 hereditatem

224 4494 321 4571 illius
350 4499 482 4574 domus
506 4497 604 4593 adit,
634 4499 733 4575 unde
761 4513 816 4576 est
846 4504 1122 4604 emancipatus,
1153 4504 1225 4579 nisi
1245 4527 1264 4576 e
1284 4504 1445 4580 formula
1458 4503 1554 4605 juris
1573 4502 1612 4578 in

223 4624 481 4721 primigeniam
506 4624 656 4701 domum
675 4627 835 4703 redierit.

861 4756 973 4831 1435.

326 4851 425 4926 Ἐὰν
453 4859 696 4953 ποιησαμένῳ
724 4855 853 4943 παῖδες
891 4867 1159 4962 ἐπιγένοινται,
1198 4857 1242 4935 τὸ
1277 4865 1390 4960 μέρος
1429 4857 1614 4958 ἑκάτερον

225 4980 328 5073 ἔχειν
348 4978 412 5067 της
433 4975 568 5066 οὐσίας
587 4987 654 5053 καί
680 4986 936 5080 κληρονομεῖν
956 4976 1100 5083 ὁμοίως
1120 4982 1369 5084 ἀμφοτέρους.

796 5115 944 5206 (Isaeus
963 5115 1010 5194 de
1031 5116 1248 5194 Philoetem.
1268 5117 1345 5194 her.
1367 5111 1400 5216 ξ.
1423 5118 1506 5211 63.)
