3436 5790
612 375 851 428 rnaasrnruu
872 375 1123 426 runrcroauu.
1488 351 1560 427 15!

176 559 275 651 aar,
295 564 436 654 ξένων,
451 562 850 668 ’προξένωνείσᾶγει
870 561 997 640 δὲκαὶ
1018 560 1131 650 δίκας
1148 559 1388 640 ἀποστασίου
1397 576 1408 652 ,“
1439 559 1563 664 ἀπρο-

175 691 354 779 στασίου,
375 686 549 788 κλήρων,
568 689 783 789 ἐπικλήρων
798 693 1011 788 μετοίκοις.
1069 692 1226 784 (Pollux
1244 690 1349 786 VIII,
1370 690 1453 784 91.)
1494 703 1498 713 ’

822 852 910 930 613.

280 996 391 1098 Apud
419 999 682 1099 imperatorem
711 998 875 1074 actiones
904 995 1150 1072 intenduntur
1178 990 1466 1093 inquilinorum,
1495 988 1558 1071 σε’·

173 1123 272 1224 quali
292 1123 450 1200 civitatis
462 1125 545 1224 jure
574 1127 776 1217 utentium,
805 1102 1110 1225 peregrinorum,
1141 1119 1406 1221 hospitalitatis
1425 1145 1559 1222 procu-

173 1249 348 1324 ratorum.
386 1225 535 1327 Inducit
562 1277 675 1352 porro
703 1250 869 1327 actiones
896 1247 1136 1341 defectionis,
1167 1245 1334 1322 detectus
1353 1248 1503 1347 patroni
1523 1257 1560 1324 et

173 1373 388 1452 hereditatis
406 1375 684 1485 inquilinorum.

821 1481 909 1557 614.

277 1621 326 1699 01
347 1604 580 1722 δυ’σμοδὲτιιι
598 1619 667 1710 τὰς
685 1619 877 1722 σροβολυὶς
897 1618 1093 1725 εἰσάγουσι
1112 1624 1181 1696 καί
1201 1615 1267 1706 τὰς
1284 1617 1363 1693 τῶν
1382 1621 1558 1718 παρανό-

167 1778 253 1845 μων
271 1746 440 1853 γραφάς·
469 1753 537 1823 καὶ
557 1748 597 1824 εἴ
611 1778 666 1837 τις
681 1745 737 1844 μη
758 1744 970 1839 ἐπιτήδειον
995 1742 1118 1844 νόμον
1142 1742 1322 1851 γράψειε,
1353 1750 1420 1820 καί
1442 1773 1556 1846 στρα-

170 1884 295 1977 τηγοῖς
322 1870 514 1962 εὐθύνας·
544 1878 747 1981 γίγνονται
776 1872 815 1951 δι’
843 1870 936 1972 πρὸς
967 1868 1111 1960 adseris
1139 1875 1285 1975 γραφαὶ
1304 1873 1453 1962 ξενίας»
1481 1868 1557 1946 δω-

170 2002 362 2097 ροξενίας,
388 1997 542 2099 δώρων,
572 2004 859 2097 συκοφαντίας,
890 1996 1212 2100 ψευδοκλητείας,
1242 1991 1556 2105 ψευδεγγραφης,

167 2122 426 2220 βουλεύσεως,
456 2121 675 2230 ἀγραφίου,
700 2129 898 2225 μοιχείας·
928 2121 1125 2228 εἰσάγουσι
1155 2118 1193 2197 δὲ
1214 2127 1282 2198 καὶ
1302 2120 1415 2210 δίκας
1433 2129 1556 2222 ἐμπο-

168 2245 277 2344 pando
296 2255 364 2324 καί
385 2247 640 2349 μεταλλικάς·
669 2256 738 2324 καί
768 2246 838 2324 ἐὰν
857 2247 997 2335 δοῦλος
1016 2247 1149 2334 κακῶς
1168 2243 1336 2351 ἀγορεύῃ
1354 2243 1427 2348 τὸν
1445 2247 1555 2345 Adada

171 2379 306 2472 δερον·
346 2381 415 2451 καὶ
445 2375 557 2461 δίκας
584 2371 650 2462 τὰς
679 2372 755 2450 ἀπὸ
786 2373 994 2473 συμβόλων
1022 2371 1241 2477 εἰσάγουσι,
1280 2376 1349 2446 καί
1378 2370 1446 2459 ταὶς
1474 2373 1553 2450 τῶν

169 2498 509 2604 ψευδομαρτυριῶν
527 2499 605 2579 τῶν
624 2507 663 2594 ἐξ
686 2497 845 2600 Ἀρείου
865 2498 1005 2605 πάγου.
1439 2544 1440 2550 1

578 2633 583 2643 “
845 2726 848 2735 ¹
954 2626 1111 2723 (Pollux
1131 2628 1235 2721 VIII,
1254 2626 1306 2705 87
1321 2671 1345 2681 -
1362 2628 1463 2722 88.)
1541 2705 1546 2713 ,

432 2838 437 2847 Ι
815 2734 903 2812 614.

271 2880 559 2957 Thesmothetae
589 2858 778 2956 actionum
806 2880 1034 2956 intentiones
1063 2878 1306 2956 introducunt
1334 2890 1372 2955 et
1397 2879 1553 2956 violata-

166 3034 246 3083 rum
264 3007 391 3106 legum
411 3005 596 3098 actiones,
625 3016 735 3106 atque
755 3005 785 3079 si
806 3004 887 3104 quis
906 3004 1029 3102 legem
1049 3031 1126 3079 non
1145 3004 1275 3080 utilem
1294 3005 1438 3098 tulerit,
1463 3005 1553 3080 item

92 3112 94 3116 Α
166 3142 202 3207 ct
228 3108 362 3209 ducum
391 3129 694 3207 examinationes.
738 3129 914 3219 Actiones
942 3157 1054 3233 porro
1083 3129 1183 3232 apud
1207 3118 1279 3207 hos
1308 3126 1552 3206 instituuntur

166 3254 462 3358 peregrinitatis,
488 3283 555 3358 per
574 3255 850 3357 corruptionem
869 3253 995 3356 adepti
1007 3245 1112 3356 juris
1124 3255 1305 3354 civitatis,
1334 3254 1550 3351 munerum,

165 3380 451 3483 sycophantiae,
486 3381 603 3457 falsae
632 3380 837 3474 citationis,
866 3378 980 3455 falsae
1009 3370 1290 3482 inscriptionis,
1310 3375 1547 3477 insidiarum,

165 3533 238 3581 non
257 3506 332 3582 dati
351 3506 530 3600 nominis,
561 3505 742 3581 adulterii.
780 3503 1029 3581 Introducuut
1048 3505 1161 3580 etiam
1180 3505 1347 3582 actiones
1367 3506 1549 3608 emporia-

164 3631 217 3706 les
245 3645 283 3707 et
309 3631 536 3727 metallicas,
563 3633 669 3733 sique
697 3657 828 3707 servus
855 3631 1056 3709 maledicat
1091 3630 1231 3728 libero,
1257 3631 1347 3708 itcm
1382 3633 1550 3709 actiones

164 3761 437 3851 contractuum,
465 3769 504 3834 et
522 3759 606 3834 falsi
629 3758 827 3835 testimonii
846 3785 891 3834 ex
911 3757 1122 3858 Areopago.

811 3920 901 3994 615.

263 4051 361 4131 Ἐάν
378 4084 433 4141 τις
453 4060 670 4147 συνίστηται
696 4051 719 4148 ἢ
737 4054 954 4154 συνδεκάζῃ
982 4056 1050 4148 την
1073 4051 1263 4133 ιΗλιαίαυ
1283 4054 1306 4150 ἢ
1323 4058 1402 4136 τῶν
1429 4058 1544 4135 δικα-

164 4192 324 4282 στηρίων
350 4212 385 4255 τι
414 4183 492 4257 ταῖν
517 4179 734 4278 Ἀθήνῃσιν
763 4177 786 4274 ἢ
812 4180 882 4274 την
910 4182 1060 4283 βουλὴν
1092 4190 1153 4260 ἐπί
1191 4182 1411 4284 δωροδοκίᾳ
1446 4183 1546 4286 χρῆἑ

160 4338 263 4405 ματα
301 4303 431 4395 διδοδς
471 4301 494 4399 ἢ
532 4305 770 4405 δεχόμενος,
812 4304 1026 4406 ἢςὲταιρίαν
1053 4313 1212 4405 συνίστη
1242 4315 1304 4385 ἐπὶ
1338 4310 1547 4390 καταλύσει

162 4434 229 4511 τοῦ
261 4432 404 4532 δίηαυυ,
445 4429 466 4526 ἢ
503 4432 712 4538 συνήγορος
746 4430 803 4510 δν
836 4433 1017 4536 λαμβάνῃ
1051 4435 1229 4535 χρήματα
1266 4439 1326 4523 ἐστὶ
1364 4448 1446 4525 ταῖς
1484 4438 1546 4514 δί-

162 4589 247 4648 καις
266 4570 347 4648 ταῖς
368 4558 483 4649 ἰδίαις
504 4555 527 4653 ἢ
546 4558 763 4660 δημοσίαις·
792 4559 943 4637 τούτων
971 4540 1069 4637 εἶναι
1087 4557 1155 4649 τοὶς
1173 4558 1324 4666 γραφάς
1345 4559 1437 4663 πρὸς
1455 4564 1546 4654 τούς

164 4690 410 4785 θεσμοθέτας.
743 4689 954 4785 (Demosth.
974 4692 1023 4769 II.
1042 4691 1081 4766 in
1101 4687 1280 4794 Stephan.
1302 4688 1437 4786 1137.)

808 4849 897 4924 615.

267 4992 306 5069 Si
335 4993 418 5092 quis
442 4996 715 5095 conspiraverit
742 5006 807 5071 aut
835 4994 982 5096 adjutor
1010 4996 1123 5072 fucrit
1151 4997 1448 5099 corrumpendae
1469 4999 1543 5074 He-

159 5120 274 5198 haeae
296 5130 360 5196 aut
378 5115 532 5222 alicujus
541 5115 674 5223 'judicii
694 5117 851 5201 Athenis
871 5132 934 5198 aut
951 5135 1123 5219 senatus,
1143 5121 1192 5201 ad
1209 5125 1460 5227 corruptelam
1477 5147 1542 5226 pe-
