3436 5790
606 399 914 454 couusurrarus
934 403 986 453 nn
1006 399 1069 458 aro.
1088 402 1150 460 sn.
1483 386 1561 465 468

173 594 406 701 adornamui
428 604 624 697 Πειραιεῖ,
654 595 762 668 πέντε
791 587 829 668 δὲ
858 597 901 668 ἐν
929 586 1045 670 ἄστει.
1087 600 1272 693 (Numero
1291 600 1438 699 decem,
1467 630 1558 705 quo·

173 751 255 802 rum
273 729 436 830 quinque
455 729 494 803 in
516 728 691 818 Piraeeo,
722 722 884 822 quinque
906 724 945 798 in
963 725 1088 818 urbe.)

279 870 469 946 Bb'clrhius
498 865 681 962 (Staatsh.
702 864 731 942 Ι.
751 892 787 966 p.
808 864 880 957 70)
911 867 1062 967 conjicit
1090 869 1329 948 scribendum
1356 897 1436 951 esse
1457 873 1559 977 apud

171 993 529 1097 Harpocrationem:
557 992 609 1076 εἰς
623 991 699 1087 μὲν
717 984 790 1062 τὸν
808 986 976 1086 Πειραιᾶ
995 991 1123 1081 πέντε,
1145 988 1239 1069 δέκα
1258 991 1293 1069 δ’
1313 997 1366 1082 εἰς
1385 989 1493 1097 ἄστυ.

758 1200 834 1284 Aa
865 1202 971 1285 ³10.

276 1373 615 1476 Harpocratio
644 1398 673 1448 s.
694 1400 728 1447 v.
758 1363 1044 1466 Προμιτρητὴςε
1072 1373 1283 1453 Dinarchus
1308 1388 1438 1455 contra
1457 1378 1556 1480 Aga.

168 1497 316 1574 siclam:
346 1497 534 1601 „Scythae
554 1498 823 1576 antemcnsoris
845 1496 942 1574 filius
961 1497 1000 1570 in
1021 1523 1216 1575 numerum
1236 1500 1373 1578 civium
1391 1530 1555 1606 pagano·

168 1648 250 1698 mm
269 1627 332 1718 (ἐν
350 1619 548 1719 δημόταις)
569 1636 626 1701 est
643 1624 780 1702 relatus
800 1623 935 1723 etipse
955 1621 995 1696 in
1014 1622 1094 1699 foro
1113 1629 1385 1705 antemensoris
1403 1654 1557 1706 munere

167 1747 357 1851 hucusque
378 1751 528 1829 functus
547 1751 638 1828 est.“

276 1891 452 1970 Suidas
480 1920 508 1970 a.
538 1921 573 1970 v.
608 1883 896 1989 Προμετρητῆςε
924 1889 987 1966 Sic
1015 1889 1227 1991 dicebatur,
1257 1895 1321 1995 qui
1349 1896 1555 1993 frumenta,

168 2041 262 2116 quae
281 2019 320 2094 in
336 2020 418 2096 foro
437 2017 719 2114 vendebantur,
748 2028 786 2093 et
813 2015 968 2117 quaevis
995 2016 1068 2092 alia
1086 2017 1228 2095 semina
1250 2022 1422 2099 mercede
1442 2024 1555 2100 dime-

166 2139 337 2219 tiebatur.

273 2285 333 2363 Ab
350 2299 607 2365 antemensore
629 2288 692 2364 vix
711 2287 782 2363 fuit
801 2286 970 2362 diversus
990 2287 1169 2363 frumenti
1189 2314 1357 2387 mensor,
1386 2316 1554 2389 πυρομε-

165 2407 316 2510 torric,
347 2414 392 2490 de
412 2441 484 2514 quo
504 2415 597 2490 haec
616 2413 731 2490 habet
750 2412 1019 2513 Harpocratio:
1049 2399 1071 2485 d
1099 2407 1192 2496 τούς
1221 2420 1554 2514 πιπρασκομένοις

167 2531 311 2635 πυρούς
330 2542 373 2613 ἐν
391 2535 438 2635 τῇ
456 2533 579 2641 ἀγορᾷ
608 2539 678 2609 καὶ
707 2534 787 2610 τῶν
815 2527 945 2609 ἄλλων
974 2532 1199 2634 σπερμάτων
1225 2544 1391 2615 ἕκαστον
1419 2536 1553 2639 διαμε-

165 2661 286 2760 τρῶν,
315 2667 384 2738 καλ
413 2654 435 2739 ὃ
464 2658 608 2740 τούτου
633 2661 705 2738 τοῦ
736 2663 852 2767 ἔργον
871 2657 1024 2761 μισθὸν
1042 2660 1266 2762 λαμβάνων.
1304 2666 1445 2746 Eadem
1465 2670 1554 2747 dicit

165 2795 299 2872 Suidas
319 2795 364 2872 de
390 2806 754 2875 antemensore.
1319 2796 1338 2847 ⁰

271 2939 467 3016 Mensurae
496 2939 772 3041 praefectorum
794 2937 918 3015 socius
947 2937 1009 3013 vel
1037 2936 1205 3013 minister
1223 2937 1333 3015 frrerit
1352 2938 1463 3015 etiam
1483 2932 1552 3010 δο-

164 3059 361 3160 κιμαστὴς,
382 3062 426 3140 de
448 3091 522 3164 quo
542 3064 632 3142 Lex.
654 3063 808 3162 Seguer.
830 3062 928 3164 apud
950 3060 1110 3138 Bekker.
1130 3060 1272 3141 Anecd.
1292 3090 1346 3162 gr.
1359 3064 1387 3139 I.
1407 3093 1444 3167 p.
1456 3065 1550 3141 238:

164 3179 185 3262 d
206 3186 378 3282 δικάζων
395 3195 464 3264 καί
483 3185 588 3276 fords
606 3185 678 3263 τὸν
697 3182 878 3285 σταθμὸν
906 3192 976 3260 καί
1005 3182 1050 3260 τὸ
1066 3190 1211 3285 μέτρον
1230 3185 1307 3262 τῶν
1335 3183 1486 3279 ὠνίων,
1516 3193 1553 3264 σι’

164 3313 240 3389 ἔστι
257 3313 360 3390 καλοὶ
380 3321 450 3391 καὶ
470 3316 633 3414 ἔμμετρα
652 3319 722 3388 καὶ
743 3308 1042 3419 ἄκακούργητα,
1072 3316 1134 3416 qui
1163 3314 1329 3417 pondera
1348 3329 1385 3392 et
1403 3343 1549 3393 mensu-

163 3469 221 3520 ras
241 3445 492 3545 investigavit.

752 3562 829 3646 Ad
856 3563 963 3648 ³12.

268 3733 492 3809 Differentia
521 3757 810 3832 agronomorum
838 3756 862 3806 a
889 3728 1184 3833 sitophylacibus
1213 3728 1335 3806 elucet
1363 3749 1382 3805 e
1412 3731 1548 3832 Lysiae

162 3859 328 3934 oratione
348 3858 526 3934 adversus
545 3858 807 3935 frumentarios
825 3856 886 3958 (p.
906 3854 997 3951 722,
1018 3851 1165 3956 §.16):
1193 3857 1254 3927 tut
1277 3854 1353 3950 μὲν
1379 3867 1459 3945 τοῖς
1478 3849 1548 3931 ἄλ-

160 3988 240 4072 λοις
260 3979 390 4070 ὠνίοις
419 3980 537 4059 ἅπασι
565 3980 657 4072 τούς
686 3978 956 4088 ἀγορανόμους
984 3979 1165 4076 φύλακας
1183 3979 1458 4075 κατεστήσατε,
1487 3988 1547 4058 ἐπὶ

161 4107 198 4185 δὲ
224 4109 344 4207 ταύτῃ
368 4106 473 4208 μόνῃ
502 4109 601 4206 (τῶν
620 4107 863 4205 σιτοπωλῶν)
892 4112 1007 4204 τέχνῃ
1022 4112 1143 4208 χωρὶς
1162 4105 1428 4203 σιτοφύλακας
1446 4104 1547 4184 ἀπο-

159 4235 357 4335 κληροῦτε.
395 4237 570 4334 (Cunctis
600 4239 681 4315 aliis
709 4238 821 4314 rebus
850 4236 1047 4313 venalibus
1075 4235 1213 4315 aediles
1235 4263 1305 4338 pro
1332 4236 1548 4314 custodibus

159 4365 406 4466 praefecistis,
436 4365 520 4440 huic
538 4364 606 4441 soli
626 4364 845 4459 (frumenti)
874 4374 1105 4441 mercaturae
1125 4363 1300 4440 frumenti
1318 4363 1546 4464 inspectores

158 4490 435 4585 constituistis.)

264 4638 368 4713 Inter
396 4661 533 4713 annum
560 4635 638 4712 307
656 4645 695 4713 et
712 4636 792 4712 200
810 4660 844 4714 a.
863 4633 931 4714 oh.
961 4635 1123 4739 populos
1152 4635 1344 4713 decretum
1373 4632 1477 4728 tulit,
1506 4644 1546 4709 ut

158 4765 397 4865 magistratus
427 4762 636 4839 mercatorii
666 4761 916 4840 normales
943 4786 1204 4838 mensuras
1223 4746 1454 4857 (σύμβολα)
1483 4783 1545 4833 cu·

158 4900 284 4965 rorent
303 4888 397 4983 fieri,
420 4887 467 4964 ad
487 4913 640 4988 quarum
660 4886 829 4986 regulam
848 4911 1042 4963 mensurae
1062 4912 1193 4963 omnes
1211 4899 1249 4961 et
1268 4885 1438 4987 pondera
1456 4887 1545 4976 (ση-

157 5011 336 5110 κώματα)
359 5014 635 5112 redigerentur,
664 5014 717 5089 ita
736 5026 778 5089 ut
804 5013 951 5090 nonnisi
981 5011 1162 5112 ejusmodi
1192 5012 1374 5089 mensuris
1395 5021 1432 5086 et
1449 5036 1544 5109 pon-

157 5141 307 5216 deribus
326 5139 453 5217 liceret
472 5139 576 5216 arida
596 5149 632 5215 et
651 5139 766 5217 fluida
783 5138 959 5217 vendere.
981 5136 1021 5214 Si
1041 5139 1123 5241 quis
1143 5139 1428 5238 magistratuum
1447 5159 1543 5210 mer-
