3436 5790
468 399 519 451 na
537 397 770 451 ununraaro.
790 415 824 427 -
845 395 895 448 mr
913 377 1223 451 uracnrouraus.
1457 370 1532 447 301

157 594 312 668 ιίσιίναι
341 587 420 664 τοῖν
447 583 596 662 παίδων
623 582 740 662 ἔνδον
772 579 921 677 άντων,
961 582 1032 662 ἐάν
1053 581 1107 685 μὴ
1136 582 1218 676 υίὸς
1247 581 1485 663 διδασκάλου
1513 577 1538 675 ἢ

157 713 323 812 άδιλφὸς
340 709 363 806 ἢ
383 705 576 816 θυγατρὸς
593 705 711 809 άνὴρ·
738 704 809 787 ι’·άν
828 707 870 787 δέ
884 739 941 801 τις
960 706 1061 813 παρά
1088 708 1196 787 ταῦτ’
1224 714 1345 808 αι’σίῃ,
1377 705 1538 810 θανάτῳ

158 812 390 941 §nemin
411 841 488 914 Καί
507 839 546 914 ol
560 832 847 942 γυμνασιάρχαι
864 847 943 927 τοῖς
964 829 1165 938 Ἕρμαίοις
1179 833 1233 937 μὴ
1251 830 1423 916 ἐάτωσαν
1441 859 1539 940 συγ-

156 948 340 1044 καῆναι
363 944 510 1064 μηδένδ.
535 960 615 1039 τῶν
641 968 686 1040 ἐν
702 950 847 1066 {lexin
873 958 1002 1065 τρόπῳ
1025 959 1182 1063 μηδινί·
1210 957 1282 1039 δάν
1300 958 1338 1039 δὲ
1358 966 1535 1059 ἐπιτρέπῃ

157 1086 466 1203 καίμῆαέξιίργρ
483 1088 555 1169 τοῦ
574 1093 816 1198 γυμνασίου,
844 1094 982 1191 ἔνοχος
1011 1091 1106 1169 ἔστω
1131 1084 1155 1169 ά
1176 1087 1459 1198 γυμνασιάρχης
1482 1078 1538 1191 τῴ

158 1215 223 1307 τῆς
242 1212 456 1320 ἐλευθέρων
474 1215 628 1315 φθοράς
646 1213 767 1321 νόμῳ.

433 1346 534 1442 (Lex
553 1344 703 1426 Solonis
722 1345 822 1451 apud
842 1341 1017 1425 Aeschin.
1035 1371 1068 1424 o.
1088 1344 1274 1425 Timaroh.
1292 1338 1327 1449 ξ.
1349 1344 1432 1441 12.)

795 1507 910 1589 1188.

253 1710 256 1715 -
288 1708 292 1713 -
364 1624 469 1729 οιάια
494 1650 661 1751 magistri
688 1651 799 1733 ludos
826 1662 915 1735 ante
941 1651 1172 1733 consortum
1189 1678 1238 1732 ne
1256 1648 1474 1754 aperiunto,
1502 1659 1540 1725 et

158 1787 245 1855 aute
262 1650 435 1873 mum
452 1775 587 1855 iterum
602 1770 824 1881 {chadunto
860 1774 992 1881 Neque
1008 1777 1067 1856 las
1085 1788 1165 1857 esto
1183 1777 1249 1873 iis,
1277 1777 1340 1880 qui
1358 1774 1540 1881 puerilem

158 1911 319 1984 aetatem
338 1913 597 1998 excesserunt,
626 1928 671 1981 eo
690 1899 854 2004 ingredi,
883 1901 972 1983 dum
1000 1901 1106 2008 pueri
1133 1915 1221 1981 sunt
1241 1903 1362 2000 intus,
1390 1910 1540 2005 praeter

159 2026 276 2107 filium
294 2027 463 2126 magistri
481 2037 547 2107 aut
563 2029 719 2107 tranem
734 2038 801 2109 aut
816 2053 1019 2131 generum:
1047 2027 1105 2107 his
1123 2029 1289 2132 exceptis
1308 2030 1338 2107 si
1357 2026 1441 2130 quis
1458 2025 1537 2105 fne-

160 2151 208 2228 rit
226 2152 437 2253 ingressus,
466 2153 588 2254 eapite
608 2153 817 2232 mulctator.
854 2154 904 2231 Et
928 2153 1239 2256 gymnasiarchae
1258 2150 1540 2231 Mercurialibns

158 2276 262 2353 nullo
287 2275 400 2354 modo
428 2303 641 2379 quenquam
668 2276 836 2357 adultum
863 2276 1008 2379 ingredi
1036 2304 1121 2354 cum
1139 2278 1265 2379 pueris
1284 2277 1454 2355 sinuntor
1482 2275 1539 2353 sin

158 2400 367 2503 permiserit
386 2425 505 2502 neque
523 2401 719 2503 gymnasio
747 2399 963 2496 excluserit,
992 2411 1164 2480 teneatur
1180 2399 1468 2506 gynmasiarcha
1485 2398 1537 2477 le·

159 2551 207 2625 ge
226 2525 273 2603 de
292 2524 504 2629 corruptela
521 2524 769 2633 ingenuorum
787 2550 998 2629 puerorum,

791 2686 904 2772 1184.

264 2831 405 2918 Χιλίας
423 2827 650 2930 ζημιοῦνται
670 2831 710 2909 ni
728 2825 830 2908 κατά
849 2824 917 2921 τάς
943 2821 1063 2918 άδοάς
1082 2824 1329 2930 άκοσμοῦοαι
1348 2837 1538 2932 γυναῖκας.

991 2956 1164 3053 (Suidasz
1193 2950 1253 3031 ὅτι
1267 2957 1431 3053 χιλίας.)

795 3065 910 3144 1184.

266 3207 368 3289 Mille
387 3209 571 3288 drachmis
588 3211 811 3290 mulctantur
830 3211 1025 3310 mulieres,
1047 3189 1143 3313 quae
1161 3237 1294 3315 parum
1312 3210 1480 3290 modeste
1498 3211 1538 3288 in

162 3334 313 3439 publico
331 3345 537 3415 versantur.

768 3545 880 3640 Μέρος
902 3575 939 3615 ι

644 3670 776 3764 Περὶ
812 3667 1060 3764 ἐμπόρων.

594 4035 662 4103 Do
698 4010 1104 4125 mercatoribus.

797 4203 911 4283 trau.
1118 4226 1148 4277 ο

271 4318 352 4398 Τὸν
368 4319 725 4423 ἐπιδεδανεισμένον
742 4331 790 4404 rix
807 4324 879 4405 τοῦ
897 4333 1087 4430 ίμιιορίου
1105 4324 1229 4407 πολλά
1242 4325 1442 4427 χρήματα,
1468 4328 1539 4402 καὶ

161 4457 239 4535 τοῖς
260 4444 473 4536 δανεισταῖς
492 4441 540 4525 ori
561 4447 811 4550 παρασχόντα
837 4447 905 4541 τάς
923 4444 1151 4546 άτοθὴιιας,
1182 4443 1343 4555 θανάτῳ
1363 4451 1539 4553 ζημιοῦν,

161 4577 457 4679 εἰσαγγελθέντα
476 4580 520 4652 ἐν
537 4573 593 4677 τῷ
611 4571 729 4678 δάμῳ.
790 4581 1002 4677 (Demosth.
1021 4581 1069 4660 ad
1088 4582 1303 4661 Phormion.
1323 4581 1433 4676 921.)

790 4756 838 4834 11
895 4817 904 4839 .
1058 4804 1061 4811 ·

267 4882 340 4976 Qui
358 4909 379 4960 e
398 4896 561 4962 mercatu
587 4909 765 4985 magnam
792 4759 990 4988 peddniam
1013 4912 1125 4992 snper
1143 4888 1246 4994 prius
1266 4887 1441 4967 creditam
1458 4912 1538 4964 mu·

159 5019 285 5085 tnatns
311 5008 421 5087 fuerit
447 5024 486 5086 et
511 5010 757 5133 creditoribus
780 5012 941 5115 pignora
959 5012 1034 5093 non
1053 5013 1282 5112 exhibuerit,
1308 5013 1431 5117 capite
1448 5036 1535 5092 con·

162 5131 355 5213 damnetur
371 5132 617 5216 denunciatus
635 5135 737 5241 apud
754 5137 948 5242 populum
