3436 5790
655 114 964 173 COMMENTARIUS
982 117 1036 170 An
1055 117 1118 175 218.
1140 119 1203 173 215.

819 323 895 408 Ad
927 325 1033 409 213.

337 488 583 593 Anonymi
620 516 798 592 argum.
833 491 891 568 ad
925 493 1173 569 Demosth.
1204 519 1234 570 c.
1264 489 1620 596 Androtionp.

231 614 329 690 589:
358 615 649 694 Thesmothetae
688 645 826 693 annum
866 617 1048 695 duntaxat
1086 619 1309 720 magistratu
1347 615 1621 717 fungebantur,

230 766 342 840 quem
361 742 576 845 priusquam
604 743 758 837 inirent,
786 743 825 818 in
854 769 1004 821 ornnem
1033 770 1161 820 eorum
1190 744 1305 821 vitam
1334 752 1545 821 anteactam
1563 745 1618 821 in·

230 866 464 964 quirebatur,
503 879 540 944 et
567 869 598 943 si
625 869 664 943 in
694 869 867 946 omnibus
896 870 1032 968 integri
1061 870 1408 970 comperiebantur,
1443 893 1487 949 eo
1517 896 1618 949 anno

228 995 467 1090 magistratus
496 1005 611 1070 erant.
663 994 788 1070 Finito
817 1020 918 1069 anno
950 995 1083 1073 iterum
1111 996 1158 1072 de
1186 997 1230 1072 iis
1262 995 1445 1097 judicium
1483 994 1618 1092 fiebat,

229 1131 377 1195 rectene
397 1145 441 1196 eo
461 1131 627 1223 tempore
647 1130 772 1196 essent
789 1121 906 1196 functi
926 1147 970 1197 eo
991 1122 1138 1218 officio,
1169 1135 1206 1198 et
1229 1122 1260 1199 si
1280 1122 1520 1201 manifestum
1540 1133 1619 1199 erat

229 1244 347 1344 probo
366 1272 430 1322 eos
450 1246 708 1343 magistratum
727 1245 908 1343 gessisse,
936 1245 975 1321 in
1003 1258 1173 1324 senatum
1197 1247 1431 1325 addebantur
1452 1246 1617 1350 Areopa·

228 1370 410 1467 gitarum,
439 1372 497 1448 sin
516 1373 613 1448 male
633 1398 672 1448 se
691 1373 913 1470 gessissent,
943 1374 1195 1473 ejiciebantur.

818 1583 894 1668 Ad
923 1584 1030 1668 215.

337 1747 448 1850 Apud
478 1748 792 1828 Lacedaemonios
821 1752 954 1828 summi
992 1750 1231 1850 magistratus
1269 1750 1418 1829 fuerant
1454 1751 1618 1854 quinque

230 1872 390 1974 Ephori,
420 1876 483 1975 qui
504 1876 548 1952 de
567 1903 636 1953 suo
657 1903 813 1953 numrro
833 1877 1089 1978 Eponymum,
1120 1878 1226 1977 cujus
1246 1877 1394 1954 nomine
1416 1902 1536 1954 annus
1555 1876 1617 1955 de·

228 2000 465 2096 signabatur,
494 2002 746 2102 praebebant,
779 2001 935 2104 perinde
965 2012 1074 2103 atque
1105 2000 1206 2102 apud
1235 1999 1525 2079 Atheniensese
1554 2029 1619 2079 no·

228 2151 314 2202 vem
333 2127 572 2205 archontibus
592 2154 687 2205 unus
707 2139 786 2204 erat
807 2128 1037 2228 Eponymus.
1068 2126 1296 2221 (Pausan.
1316 2128 1383 2224 111,
1407 2126 1469 2225 11,
1488 2128 1547 2222 2.)

335 2270 476 2373 Ephori
495 2271 644 2348 nomine
664 2270 825 2348 civitatis
846 2270 1037 2347 mensibus
1055 2268 1212 2370 siugulis
1236 2271 1437 2372 jurabant,
1467 2297 1618 2348 conser-

228 2406 378 2475 vaturos
397 2424 436 2474 se
456 2423 615 2497 regnum
634 2397 732 2497 regis
752 2397 1034 2490 inconcussum,
1067 2397 1096 2471 si
1126 2394 1277 2495 quidem
1305 2397 1386 2498 ipse
1410 2421 1517 2473 suum
1538 2397 1620 2499 jus·

222 2523 425 2622 jurandum
443 2534 571 2600 sancte
590 2524 804 2601 servaverit.
839 2518 1146 2622 (Xenophon.
1177 2521 1461 2599 Lacedaem.
1490 2545 1614 2623 resp.

228 2644 389 2742 ΧΗ)
1585 2723 1594 2741 .

335 2772 414 2852 Soli
434 2775 574 2878 Ephori
599 2802 675 2851 non
705 2774 962 2876 adsurgebant
991 2798 1117 2852 coram
1145 2770 1297 2874 regibus
1317 2773 1363 2850 de
1382 2770 1482 2851 sedis
1502 2772 1618 2876 epho-

228 2898 323 2976 ricis.
352 2900 391 2993 (I
404 2899 429 2975 b
440 2901 451 2975 i
463 2898 497 2978 d.
519 2901 576 2994 6.)
670 2933 672 2936 ⁴

335 3045 366 3120 Ii
394 3044 505 3120 etiam
535 3044 789 3121 observabant
817 3069 952 3123 uxores
979 3068 1131 3142 regum,
1160 3052 1201 3119 ut
1231 3041 1355 3145 quoad
1374 3042 1455 3120 fieri
1474 3053 1618 3146 potest,

228 3195 292 3248 rex
312 3196 388 3246 non
408 3196 454 3247 ex
474 3171 547 3247 alio
567 3197 680 3273 quam
698 3169 981 3249 Heraclidarum
997 3192 1137 3268 genere
1158 3169 1325 3246 oriretur.
1346 3169 1524 3263 (Plato.
1544 3166 1617 3247 Al-

95 3330 99 3339 ·
228 3295 406 3374 cibiad.
430 3295 653 3391 1.121‚B.)

337 3441 477 3545 Ephori
497 3468 611 3542 quum
638 3441 896 3542 magistratum
924 3443 1133 3537 iniverunt,
1162 3439 1308 3517 civibus
1328 3438 1546 3537 edixerunt,
1576 3448 1617 3517 ut

229 3579 430 3671 mystacem
451 3567 643 3659 raderent,
671 3593 716 3645 ac
735 3566 881 3668 legibus
901 3567 1067 3646 animum
1085 3567 1344 3662 adverterent,
1374 3589 1421 3641 ne
1440 3591 1507 3645 eae
1525 3563 1617 3668 ipsis

229 3707 352 3773 essent
370 3693 552 3774 difficiles.
591 3695 647 3770 De
675 3702 841 3794 mystace
871 3690 942 3770 hoc
960 3692 1044 3770 ideo
1064 3701 1361 3796 praeceperunt,
1389 3691 1489 3767 utin
1507 3690 1615 3768 mini·

229 3822 298 3899 mis
335 3845 482 3923 quoque
521 3818 631 3897 rebus
668 3818 766 3897 dicto
803 3816 995 3897 audientes
1025 3844 1106 3898 esse
1133 3819 1291 3920 juvenes
1328 3814 1616 3896 assuefacerent.

229 3948 500 4042 (Plutarch.
529 3944 773 4024 Cleomen.
803 3946 860 4039 9.)

335 4092 438 4191 Lege
468 4091 651 4169 sancitam
680 4102 778 4186 erat,
807 4102 849 4167 ut
876 4091 970 4169 liber
1001 4090 1224 4168 Dicaearchi
1262 4088 1316 4166 de
1352 4088 1618 4191 republica

229 4215 588 4319 Spartanorum
625 4216 826 4318 quotannis
854 4215 894 4290 in
923 4215 1158 4318 Ephororum
1186 4215 1374 4318 praetorio
1411 4213 1617 4319 puberibus

228 4343 525 4422 amcultantibus
553 4342 765 4442 legeretur;
802 4341 901 4444 quod
929 4343 1044 4442 longo
1072 4352 1239 4444 tempore
1268 4341 1338 4418 fuit
1364 4339 1615 4419 observatum.

227 4465 428 4561 (Suidas
447 4496 473 4545 s.
495 4498 529 4545 v.
550 4468 821 4566 Δικαίαρχος.)

334 4611 475 4712 Ephori
505 4640 606 4690 nono
636 4639 784 4713 quoque
812 4638 912 4689 anno
933 4623 1084 4688 noctem
1103 4636 1275 4688 serenam
1294 4622 1333 4687 et
1350 4610 1489 4688 lunaris
1506 4607 1615 4686 lumi-

227 4738 285 4815 nis
305 4765 460 4816 vacuam
479 4739 753 4830 observabant,
782 4764 937 4840 eamque
967 4738 1085 4831 nacti,
1115 4739 1216 4815 taciti
1242 4735 1487 4815 considebant
1503 4747 1616 4835 atque

226 4865 264 4940 in
284 4867 427 4942 coelum
446 4865 695 4944 intuebantur.
730 4864 873 4958 Quodsi
892 4876 970 4943 tum
991 4865 1039 4940 ab
1058 4890 1134 4942 una
1149 4875 1255 4966 parte
1274 4864 1313 4940 in
1334 4864 1489 4941 alteram
1507 4860 1619 4939 stella

1359 4989 1402 5052 29
