3436 5790
510 353 818 406 counaumums
838 353 890 404 an
911 352 974 407 oar.
995 355 1057 408 su.
1078 354 1142 408 usa.
1161 355 1225 410 uos.
1489 337 1567 411 487

174 544 768 647 snitiujudicumjurcjurandoz
797 549 1104 625 sententiam
1124 550 1571 627 feramsecundum·

173 672 313 768 leges
342 665 586 767 (ψηφιοῦμαι
615 663 717 740 κατά
741 662 835 754 τούς
855 665 1039 768 νόμους);
1066 672 1157 750 illud
1176 675 1352 749 nimirum
1372 702 1440 775 pro
1459 702 1562 752 com·

174 807 282 896 perto
301 796 449 890 habuit,
479 796 709 872 conservatis
738 796 966 897 reipublicae
991 798 1317 898 legibussalvum
1344 800 1453 877 simul
1480 827 1562 879 esse

171 920 371 1022 imperium
390 921 584 1022 populare.

279 1047 518 1136 Andocid.
539 1074 569 1123 c.
592 1046 745 1124 Alcib.
765 1043 797 1148 ξ.
818 1049 858 1121 3:
889 1047 967 1123 Vos
980 1049 1116 1148 juratis
1134 1076 1255 1150 neque
1275 1052 1424 1127 civitate
1444 1076 1559 1151 quen-

171 1173 256 1250 dam
276 1198 356 1250 esse
378 1174 582 1274 ejectores,
612 1197 732 1273 neque
751 1172 791 1247 in
810 1173 1018 1249 custodiam
1047 1174 1217 1269 daturos,
1238 1201 1368 1277 neque
1395 1189 1559 1253 extremo

170 1299 354 1400 supplicio
376 1324 489 1376 causa
507 1325 584 1375 non
604 1299 732 1377 audita
750 1289 954 1394 (ἄκριτον)
975 1300 1201 1377 addicturos.

276 1423 409 1500 Idem
437 1424 492 1500 de
520 1438 717 1526 myster.
747 1421 780 1525 ξ.
802 1426 873 1501 91:
902 1424 1002 1520 Vos,
1030 1423 1297 1522 Athenienses,
1319 1453 1393 1527 quo
1415 1425 1559 1526 jureju-

170 1551 287 1627 rando
306 1553 447 1628 astricti
460 1552 667 1652 judicatis?
699 1553 809 1649 „Non
839 1551 997 1629 ulciscar
1024 1551 1176 1653 injurias
1204 1579 1325 1654 neque
1354 1550 1416 1630 alii
1444 1552 1492 1628 ad
1520 1550 1570 1631 id.

169 1673 333 1752 hortanti
353 1677 641 1778 obtemperab0,
668 1675 732 1752 sed
751 1676 958 1752 secundum
976 1687 1077 1753 ratas
1096 1677 1202 1776 leges
1222 1670 1342 1771 (κατὰ
1361 1670 1454 1762 τούς
1473 1682 1569 1751 κοιἉῖ

165 1803 307 1895 μένους
326 1796 492 1898 νόμους)
512 1803 735 1880 sententiam
754 1801 910 1879 dicam.“

276 1927 358 2004 Hoc
377 1926 667 2006 additamentum
685 1927 842 2006 accessit
860 1953 958 2004 anno
978 1928 1099 2005 403·ο
1118 1954 1151 2005 a.
1172 1926 1258 2007 chr.
1276 1941 1364 2032 post
1382 1929 1557 2033 expulsos

167 2052 321 2153 triginta
339 2063 529 2155 tyrannos.

755 2158 831 2240 Ad
852 2158 967 2240 504.

274 2322 396 2399 Schol.
426 2323 473 2399 ad
509 2324 653 2399 Pluton.
682 2325 752 2423 leg.
781 2325 848 2401 IX.
877 2350 912 2425 p.
944 2322 1045 2399 458:
1084 2318 1273 2411 διαιτηταί
1301 2286 1401 2396 etam
1427 2328 1470 2396 ἐν
1499 2317 1556 2407 οἷς

162 2440 379 2536 Ἀθήνησιν
398 2445 600 2550 εἰσήγοντο
619 2449 657 2519 αἱ
680 2444 871 2521 ἰδιωτικοὶ
893 2444 1012 2525 δίκαι.
1043 2449 1202 2542 (Arbitri
1223 2459 1317 2539 sunt
1339 2449 1439 2549 apud
1460 2475 1570 2547 quoa*

165 2575 495 2652 introducebantur
514 2572 669 2653 Athenis
687 2575 770 2651 lites
788 2576 991 2676 privatae.)
1563 2581 1567 2591 '

758 2785 834 2871 Ad
858 2787 975 2869 507.

272 2954 469 3030 Lucian.
500 2951 720 3030 Abdicat.
753 2953 824 3027 11:
854 2885 1567 3051 Videtisfereinceterisetiamjutli-·

140 3103 142 3108 ’
165 3079 250 3173 ciis,
270 3092 312 3154 ut
330 3104 352 3154 a
366 3080 555 3180 judicibus
575 3077 766 3156 sortitione
783 3077 911 3170 lectis,
937 3077 968 3153 si
988 3076 1069 3177 quia
1087 3075 1266 3176 injustum
1285 3075 1424 3151 lactum
1443 3086 1571 3176 putetl

157 3204 358 3305 judicium,
388 3206 578 3305 permittat
607 3204 667 3280 lex
687 3203 734 3279 ad
754 3203 855 3278 aliud
875 3227 1081 3302 provocare
1101 3215 1137 3278 et
1156 3201 1259 3276 abire
1279 3196 1463 3277 tribuual:
1493 3196 1566 3277 sint·

79 3314 82 3320 ¹
164 3330 278 3428 aliqui
302 3329 401 3404 ultro
428 3329 497 3404 sibi
521 3327 665 3428 judices
694 3326 891 3404 statuerint
910 3336 948 3402 et
967 3325 1120 3402 delectis
1138 3352 1161 3401 a
1178 3353 1219 3402 se
1238 3325 1473 3427 permiserint
1492 3351 1549 3401 ar-

163 3455 333 3547 bitrium,
365 3481 439 3529 non
464 3456 543 3553 jam
571 3455 640 3529 hoc
670 3453 859 3529 concedat.
899 3452 1045 3544 Quibus
1074 3452 1173 3526 enim
1191 3452 1295 3526 initio
1315 3451 1452 3528 licebat
1471 3474 1569 3528 non:

163 3591 281 3672 stare,
311 3580 378 3654 hos
397 3579 426 3654 si
446 3578 528 3678 quis
547 3603 615 3655 sua
644 3589 777 3679 sponte
805 3576 958 3674 legerit,
982 3576 1124 3677 justum
1143 3586 1200 3651 est
1218 3598 1347 3652 eorum
1364 3574 1468 3654 illum
1486 3602 1548 3653 co·
1687 3600 1690 3607 ·

162 3706 329 3803 gnitione
350 3716 564 3780 contentum
586 3727 675 3780 esse.
1538 3698 1563 3715 ”

748 3805 824 3887 Ad
844 3804 960 3888 500.

271 3974 405 4049 Pollux
425 3972 528 4064 VIII
553 3972 648 4045 127:
678 3968 813 4071 ἔλεγον
845 3971 1041 4066 ἐπιτρέψαι
1073 3964 1245 4055 δίαιταν,
1275 3971 1343 4040 καὶ
1373 3997 1394 4056 η
1382 3958 1547 4041 ’δίαιτα

161 4102 374 4189 ἐκαλεῖτο
357 4091 547 4190 οπιτροπὴ.
580 4096 1026 4191 (Dicebantcommitl
1011 4095 1350 4191 lerearbibium;
1370 4096 1567 4237 etipsum'

161 4228 286 4303 arbit
243 4240 353 4301 rtrum
374 4225 533 4300 vtocaba
518 4235 578 4298 tur
596 4233 761 4324 potestas
781 4231 839 4298 sta
817 4219 1000 4313 acuendi.)

268 4350 324 4427 Of.
344 4351 483 4426 Lexica
502 4348 655 4449 Seguer.
675 4375 711 4448 p.
733 4346 796 4423 35.

745 4540 821 4622 Ad
841 4540 958 4624 500.

265 4712 350 4786 Non
370 4709 479 4784 video
498 4733 563 4782 cur
582 4706 733 4782 haereat
751 4705 913 4782 Meierus
933 4703 1024 4796 (Die
1035 4699 1543 4778 Privatschiedsrichtor'uud
1561 4724 1569 4764 a

158 4835 217 4912 die
238 4836 298 4908 off.
318 4835 455 4908 Dieron
475 4832 629 4910 Atheus.
651 4831 760 4908 Halle
783 4830 897 4925 1846,
918 4858 954 4930 p.
980 4830 1049 4918 15)
1068 4828 1108 4901 in
1126 4824 1251 4902 verbis
1273 4826 1436 4902 Pollucis
1455 4819 1567 4896 eive-r

153 4960 227 5053 μία
257 4952 452 5050 ἀφώριστο
481 4953 534 5052 τῷ
559 4949 612 5050 μὴ
644 4949 879 5041 brutrucum
914 4941 986 5040 τῆν
1014 4953 1344 5047 ἐοικληρωθοῖοαν
1382 4944 1543 5025 δίαιταν.

158 5083 297 5163 Arbitri
327 5085 424 5159 enitn
452 5078 593 5183 publici
620 5105 693 5156 non
713 5080 750 5156 vi
769 5079 999 5179 cogebantur
1016 5078 1064 5155 ad
1084 5077 1354 5179 acceptandum
1373 5077 1444 5152 hoc
1456 5076 1543 5151 'mu-
1650 5087 1653 5091 ’
