3404 5782
557 346 864 404 COMMENTARIUS
883 344 937 396 AD
958 340 1037 398 1070.
1058 342 1142 396 1071.

727 566 804 651 Διὶ
830 567 973 650 1070.

262 743 385 819 Lexic.
424 740 578 840 Seguer.
616 737 718 811 217:
766 725 1127 828 ἄναυμαχίου·
1174 727 1294 819 εἶδος
1339 726 1552 835 ἐγκλήματος

157 869 226 938 καὶ
246 865 398 960 ζημίας·
424 858 545 962 ὥσπερ
573 857 649 965 γὰρ
675 855 746 934 τοῦ
771 854 828 956 μή
850 854 1125 956 στρατεύεσθαι
1146 862 1227 932 καί
1250 855 1342 931 τοῦ
1365 861 1492 932 λιπεῖν
1506 855 1552 945 ris
1586 856 1590 929 l

155 985 265 1079 τάξιν
284 993 352 1062 καὶ
371 987 442 1062 sori
463 984 510 1062 τὰ
530 982 631 1062 ὅπλα
650 981 863 1082 ἀποβαλεῖν
893 987 1018 1078 ζημίαι
1051 975 1149 1072 ἦσαν
1179 975 1420 1080 ὦρισμέναι
1440 983 1551 1058 sixtus
1584 936 1590 1063 l

155 1109 307 1210 νόμων,
346 1108 448 1189 οὕτω
478 1116 547 1186 καὶ
575 1109 648 1186 τοῦ
671 1106 724 1208 μὴ
760 1106 1027 1206 ναυμαχῆσαι·
1064 1112 1133 1182 καὶ
1165 1106 1307 1184 τοῦτο
1341 1105 1392 1183 τὸ
1426 1103 1550 1205 depluat

153 1234 403 1336 ἀναυμαχίου
436 1242 621 1315 ἐκαλεῖτο.
671 1233 967 1332 (Ἀναυμαχίου
995 1248 1051 1312 est
1078 1263 1207 1337 genus
1239 1237 1550 1314 accusationiset

154 1393 308 1467 poenae.
348 1365 669 1462 Quemadmodum
688 1364 787 1441 euim
806 1364 855 1440 ob
874 1363 1084 1462 neglectam
1104 1362 1296 1439 militiam
1320 1373 1365 1438 et
1386 1362 1549 1439 desertus

153 1491 320 1568 ordinem
340 1504 377 1567 et
396 1492 543 1592 abjecta
566 1518 669 1568 arma
688 1515 833 1592 poenae
854 1500 960 1565 erant
977 1486 1121 1586 legibus
1141 1487 1371 1584 definitae;
1392 1491 1449 1566 ita
1466 1490 1549 1566 etim

153 1617 202 1693 ob
223 1619 435 1716 neglectam
454 1642 622 1720 pugnam
638 1614 831 1710 navalem3
860 1624 896 1691 et
915 1613 1008 1690 haec
1026 1613 1169 1689 mulcta
1189 1616 1432 1692 vocabatur
1451 1609 1549 1687 ἇιαι-

150 1740 335 1835 anglos.)

258 1883 369 1986 Apud
389 1882 709 1960 Lacedaemonios
727 1906 874 1982 quoque
893 1908 916 1957 a
936 1906 1064 1982 pugna
1081 1880 1298 1959 Leuctrica
1327 1885 1396 1961 lex
1411 1883 1550 1984 jubebat

150 2009 355 2108 ignominia
384 2033 512 2086 omnes
541 2007 661 2098 affici,
691 2008 753 2106 qui
772 2004 1028 2106 trepidassent.
1064 2004 1208 2107 Ephori
1230 2018 1377 2084 autem
1399 2008 1550 2084 videntes

152 2136 279 2211 urbem
309 2135 473 2211 virorum
503 2114 701 2223 vacuam,
724 2131 966 2230 ignominiam
993 2132 1102 2207 istam
1130 2132 1300 2209 abolere
1333 2145 1550 2211 statuerunt.

153 2260 400 2362 Agesilaoque
419 2260 514 2357 legis
533 2256 749 2334 condendae
778 2256 1036 2333 auctoritatem
1064 2254 1306 2334 detulerunt.
1351 2259 1433 2337 Istc
1460 2261 1551 2358 igini

152 2411 371 2486 progressus
390 2386 428 2461 in
447 2384 659 2485 publicum:
688 2381 833 2473 Jubeo,
851 2381 991 2480 inquit,
1011 2381 1114 2479 leges
1133 2406 1156 2456 a
1176 2383 1365 2460 crastina
1386 2385 1451 2461 die
1472 2397 1551 2460 rata

154 2537 244 2587 esse.
284 2509 564 2605 (Plutarch.
593 2535 670 2607 rag.
701 2518 737 2584 et
764 2507 852 2607 imp.
881 2505 1145 2609 apophthegm.
1175 2533 1215 2608 p.
1252 2509 1355 2584 191.
1388 2538 1420 2587 s.
1452 2509 1549 2609 Age·

152 2637 224 2713 sil.
256 2637 338 2729 10.)

258 2777 369 2880 Apud
398 2780 545 2857 eosdem
576 2778 781 2880 ignominia
812 2776 1059 2869 notabantur,
1097 2777 1161 2875 qui
1192 2778 1394 2879 elypeum
1427 2782 1549 2859 amisis·

151 2916 253 2995 sent,
280 2931 357 2980 non
375 2905 462 2982 item
480 2907 542 3005 qui
562 2905 707 3005 galeam
727 2912 791 2980 aut
809 2900 1018 2997 thoracem,
1046 2902 1151 3001 quia,
1181 2913 1227 2979 ut
1246 2898 1496 2986 Demaratus
1512 2907 1549 2982 di·

151 3031 223 3119 uit,
244 3029 336 3104 haec
354 3031 410 3106 sui
429 3032 596 3132 ipsorum
613 3057 727 3106 causa
745 3039 904 3129 gestant,
925 3029 1102 3129 clypeum
1119 3037 1254 3104 autem
1276 3045 1452 3136 propter
1470 3060 1549 3112 com·

152 3180 301 3231 munem
328 3156 506 3233 ordinem.
553 3156 838 3250 (Plutarch.
872 3153 1136 3255 apophthegm.
1171 3153 1308 3234 lacon.
1345 3187 1387 3262 p.
1421 3162 1550 3236 2²⁰4

152 3282 393 3357 Demarat.
419 3283 476 3373 2.)

258 3421 478 3502 Charondae
496 3428 593 3503 hanc
610 3424 731 3528 legem
751 3426 836 3502 tulit
855 3435 986 3502 contra
1012 3425 1209 3524 signorum
1240 3427 1508 3534 ordinumque
1524 3433 1551 3506 in

151 3550 259 3625 bellis
278 3550 495 3646 desertores,
514 3564 579 3628 aut
597 3578 701 3628 arma
718 3581 788 3655 pro
808 3553 948 3653 patriae
968 3549 1085 3625 tutela
1104 3548 1264 3626 omnino
1286 3553 1551 3639 detrectantes.

152 3684 191 3750 ut
207 3674 376 3751 muliebri
406 3676 541 3753 vestitu
569 3677 693 3755 amicti
720 3678 884 3755 triduum
901 3678 940 3752 in
960 3677 1041 3752 loro
1061 3674 1297 3754 desiderent.
1341 3682 1459 3777 Quae
1478 3707 1550 3759 con·

151 3801 290 3878 stitutio
310 3827 424 3901 quum
443 3801 547 3902 leges
567 3803 655 3881 alibi
676 3805 835 3881 sancitas
855 3803 1083 3879 humanitate
1111 3814 1313 3901 praestat,
1349 3818 1437 3884 tum
1457 3808 1549 3884 dissi·

151 3927 335 4002 mulanter
352 3928 482 4028 probri
501 3929 758 4027 magnitudine
788 3927 969 4029 ejusmodi
998 3927 1152 4027 ingenio
1172 3930 1386 4028 praeditos
1407 3937 1458 4012 ab
1477 3935 1549 4011 effe·

151 4051 288 4127 minata
315 4052 470 4129 mollitie
498 4052 670 4131 deterret.
709 4054 793 4130 Hoc
820 4062 1014 4155 praeterea
1041 4052 1198 4128 consilio
1226 4079 1323 4136 reos
1351 4061 1468 4138 morti
1488 4085 1550 4135 non

151 4176 309 4269 addixit,
341 4187 381 4252 ut
400 4178 446 4253 ad
466 4180 608 4256 futuras
628 4179 809 4257 bellorum
838 4180 1078 4257 necessitates
1105 4175 1188 4253 illos
1211 4181 1374 4262 civitati
1395 4210 1550 4264 reserva·

152 4312 229 4393 ret,
255 4302 390 4378 rectius
418 4303 515 4382 haud
545 4306 658 4381 dubie
676 4316 765 4407 post
782 4307 986 4404 irrogatam
1004 4303 1242 4402 ignominiae
1264 4311 1465 4391 mulctam
1481 4337 1550 4389 sese

149 4436 339 4525 gesturos,
378 4440 416 4504 et
444 4455 634 4531 aspersam
662 4431 854 4507 dedecoris
883 4431 1065 4508 maculam
1095 4430 1197 4506 omni
1232 4434 1401 4516 virtutis
1430 4448 1552 4518 conatu

151 4551 322 4628 elaturos.
352 4555 568 4648 (Diodor.
592 4556 678 4650 XII,
706 4557 787 4649 16.)

726 4786 803 4871 Ad
822 4789 955 4871 10⁷1.

257 4948 390 5028 Suidas
404 4948 671 5025 λιιιιοναῦιαι·
692 4947 783 5039 τούς
803 4947 905 5026 κατὰ
924 4947 993 5040 τὴν
1006 4942 1180 5026 Ἐλλάδα
1200 4959 1479 5055 λοιποναύτας
1495 4992 1550 5073 γι-

149 5071 310 5178 γονὸτας
330 5070 579 5168 ἀναζητῆσαι,
609 5081 677 5152 καὶ
696 5074 763 5166 τὰς
776 5087 910 5178 χεῖρας
936 5072 1139 5177 ἀποκόψαι
1171 5078 1362 5171 πάντων,
1397 5097 1549 5197 (Dm.
