3404 5782
161 368 239 446 428
392 460 396 471 Ι
631 395 937 449 commoraturos
958 395 1008 446 lo
1027 396 1071 448 ετ.

159 545 339 688 populum
356 598 587 681 convocant,
604 587 839 665 Praefectum
857 613 878 664 e
898 585 1062 688 qualibet
1078 587 1178 665 tribu
1196 613 1322 665 unum
1344 585 1566 688 praesidem

158 714 398 816 (proedrum)
418 726 517 792 sorte
536 739 690 817 capere,
720 723 877 814 excepta
895 713 995 789 tribu
1013 714 1225 814 prytaniam
1244 725 1433 812 gerente.

264 857 450 958 Anonymi
478 882 620 956 argum.
645 858 687 933 in
715 856 957 936 Demosthen.
987 854 1207 933 Androtion.
1235 883 1275 958 p.
1299 857 1415 934 59οε
1447 850 1564 943 αὐτὸς

157 976 223 1066 τὰς
241 983 345 1067 κλεῖς
362 977 427 1072 τῆς
446 976 689 1079 ἀκροπόλεως
708 975 942 1068 ἐπιστεύετο,
974 984 1044 1054 καὶ
1071 974 1194 1054 πάντα
1213 976 1263 1054 τοὶ
1277 977 1487 1080 χρήματα
1504 980 1562 1072 τῆς

157 1101 309 1192 πόλεως.
348 1110 467 1204 (Huic
486 1108 808 1185 concredebantur
831 1106 952 1183 claves
972 1108 1187 1208 acropoleos
1206 1117 1245 1184 et
1263 1132 1414 1186 omnes
1434 1108 1561 1186 civita·

155 1233 202 1308 tis
219 1234 431 1337 pecumae.)
468 1233 567 1310 Hinc
594 1245 721 1311 tamen
750 1258 826 1308 non
854 1231 1041 1331 sequitur,
1071 1230 1188 1309 eidem
1216 1234 1420 1333 epistotae
1451 1234 1560 1311 etiam

155 1357 515 1437 administrationem
532 1345 712 1461 pecuniae
730 1358 902 1462 publicae
923 1357 1171 1434 concreditam
1190 1359 1325 1437 fuisse.

262 1498 564 1604 Alterepistata,
585 1503 631 1580 de
651 1529 725 1604 quo
744 1502 804 1580 hio
821 1503 963 1605 agitur,
989 1502 1179 1579 institutus
1198 1513 1257 1578 est
1275 1502 1389 1579 inter
1407 1500 1557 1607 Olymp.

157 1620 455 1725 leomarus,
476 1604 512 1704 d.
541 1626 733 1723 (Meier,
763 1626 818 1704 de
847 1626 1045 1730 epistat.
1074 1625 1269 1720 Athen.)
1360 1730 1362 1734 ‚

237 1782 429 1864 'Bekkerz
459 1785 597 1866 Anecd.
626 1814 682 1886 gr.
707 1788 735 1865 Ι.
763 1815 800 1889 p.
822 1788 919 1861 244:
952 1779 1194 1875 Ἐπιστάτης·
1222 1775 1373 1886 ἅρχων
1404 1789 1474 1865 ἐπὶ
1503 1785 1557 1878 τῆς

154 1906 299 2009 βουλῆς
316 1906 532 2010 κληρωτός,
560 1900 581 1986 ὅ
602 1904 765 2004 ἐφεστώς
791 1917 871 1996 τοῖς
898 1900 976 1984 ὑπὸ
1001 1904 1157 1986 πάντων
1172 1909 1420 2009 βουλευτῶν
1440 1942 1556 2014 πρατ-

152 2037 336 2133 τομένοις.
375 2037 463 2110 Εἰσὶ
492 2030 530 2110 δὲ
560 2029 654 2124 δύο,
687 2027 739 2120 εἶς
758 2034 833 2131 μὲν
851 2037 898 2109 έκ
916 2032 994 2109 τῶν
1013 2029 1234 2134 πρυτάνεων
1252 2035 1555 2140 κληρούμενος,

152 2165 276 2259 ἕτερος
305 2156 344 2234 δὲ
372 2165 419 2239 ἐκ
448 2157 526 2236 τῶν
554 2155 648 2235 δέκα
686 2155 897 2262 προέδρων,
937 2147 994 2236 ὦν
1021 2155 1198 2259 ἑκάτερος
1226 2154 1453 2256 διοίκησίν
1478 2193 1556 2241 τινα

152 2281 297 2386 διῴκει.
345 2286 584 2383 (Praefectus
613 2297 669 2364 est
697 2285 933 2388 magistratus
960 2299 1112 2366 senatus
1140 2299 1240 2366 sorte
1270 2303 1462 2390 creatus,
1501 2293 1556 2399 qui

151 2425 301 2517 praeest
318 2413 427 2491 rebus
446 2438 516 2517 per
533 2438 664 2490 omnes
682 2424 875 2491 senatores
893 2414 1020 2514 gestis.
1058 2413 1153 2493 Sunt
1170 2425 1300 2493 autem
1321 2416 1433 2519 dno,
1464 2447 1554 2498 unus

151 2542 414 2643 eprytanibus
442 2549 542 2618 sorte
570 2539 707 2635 lectus,
736 2538 831 2615 alter
857 2564 947 2617 vero
966 2564 987 2616 e
1007 2540 1138 2619 deoem
1159 2540 1437 2643 praesidibus,
1469 2573 1552 2650 quo·

151 2690 232 2744 rum
251 2665 428 2745 alteruter
446 2665 657 2744 moderatur
675 2665 876 2768 quamdam
894 2664 1286 2762 administrationem.)

259 2829 382 2908 Schol.
409 2830 451 2905 in
479 2828 653 2909 Acachia.
681 2825 913 2929 Ctesiphont.
934 2829 979 2904 4:
1000 2817 1169 2919 ‘Endera
1186 2822 1266 2904 τῶν
1286 2824 1396 2907 δέκα
1416 2831 1550 2931 petar

150 2949 361 3052 τριάκοντα
379 2953 419 3042 ἓξ
439 2941 574 3050 ἡμέρας
601 2944 736 3050 διῴκει
763 2946 835 3039 τήν
862 2947 995 3042 πόλιν,
1023 2955 1094 3027 καὶ
1113 2946 1210 3044 αὐτή
1232 2947 1317 3050 εἶχε
1336 2951 1421 3051 τὴν
1439 2988 1547 3060 προε-

151 3079 264 3179 δρίαν
291 3075 369 3151 τῶν
393 3068 534 3153 ἄλλων.
572 3071 707 3152 Πάλιν
726 3071 854 3152 δὲκαὶ
874 3070 991 3168 αὐτῆς
1009 3074 1075 3168 τῆς
1094 3073 1410 3180 προεδρευούσης
1428 3083 1545 3180 φυλῆς

152 3197 250 3295 ἦσάν
267 3229 365 3288 τινες
383 3197 618 3300 τιμιώτεροι,
648 3201 686 3276 oi
704 3191 904 3299 πρόεδροι,
933 3202 974 3275 ol'
998 3228 1097 3289 τινες
1120 3198 1170 3277 δι’
1189 3201 1345 3281 ἑαυτῶν
1366 3204 1542 3312 διῴκουν

150 3334 193 3404 έν
221 3323 355 3417 αὐτοῖς
383 3335 464 3413 ταῖς
494 3316 647 3425 ἡμέραις
675 3325 800 3402 πάντα
831 3323 879 3404 τὰ
911 3323 1144 3420 καθήκοντα
1176 3326 1221 3427 τῇ
1250 3325 1396 3410 αὐτῶν
1429 3333 1529 3432 φυλῂ

151 3456 328 3557 (Singula
345 3454 473 3534 decem
493 3456 658 3534 tribuum
675 3457 828 3556 triginta
846 3483 911 3534 sex
940 3457 1071 3556 diebus
1099 3457 1397 3541 administrabat
1416 3465 1536 3542 civita

149 3592 280 3660 temet
303 3581 467 3658 habebat
498 3581 657 3682 primam
683 3608 773 3684 prae
801 3582 883 3658 aliis
911 3581 1048 3659 sedem.
1085 3585 1131 3660 In
1149 3585 1396 3687 praesidente
1417 3600 1533 3668 autem

149 3707 248 3782 tribu
277 3718 384 3784 erant
413 3705 563 3806 quidam
591 3705 868 3800 honoratiores,
898 3707 1042 3785 scilicet
1069 3707 1281 3809 praesides,
1313 3713 1383 3813 qui
1412 3740 1482 3818 per
1497 3739 1530 3792 se

147 3833 248 3936 ipsos
267 3832 578 3911 administrabant
593 3831 652 3908 his
668 3830 759 3934 ipsis
778 3831 910 3909 diebus
928 3834 1054 3911 omnia
1070 3860 1159 3914 suae
1178 3835 1299 3914 tribus
1318 3839 1485 3936 officia.)

256 3992 502 4096 Anonymi
527 4019 703 4094 argum.
728 3993 1040 4072 inDemosth.
1065 4021 1096 4073 c.
1115 3995 1420 4081 Androtion.
1440 4005 1531 4079 59⁰:

149 4122 353 4220 Quingenti
378 4121 432 4198 illi
461 4131 645 4199 trecentos
672 4120 750 4197 dies
773 4121 814 4197 in
833 4122 1053 4221 magistratu
1071 4135 1185 4202 erant
1223 4125 1300 4204 Sed
1319 4129 1415 4229 quia
1432 4129 1532 4208 multi

149 4257 273 4342 erant,
302 4259 339 4322 et
366 4248 516 4346 negotia
544 4273 620 4324 non
649 4245 819 4347 expedite
848 4248 1118 4343 succedebant,
1147 4250 1371 4332 dividebant
1396 4258 1531 4335 sesain

149 4371 277 4448 decem
295 4383 421 4473 partes
440 4400 508 4473 pro
526 4373 688 4450 tribuum
706 4397 879 4471 numero,
908 4384 950 4450 ut
967 4375 1135 4474 singulae
1155 4375 1327 4456 decuriae
1349 4385 1530 4486 quinqua·

147 4523 265 4595 genos
284 4499 528 4575 continerent.
556 4498 632 4575 'l'ot
642 4497 738 4575 enim
749 4523 994 4599 unaquaeque
1003 4500 1123 4578 tribus
1142 4501 1381 4600 designabat.
1411 4511 1532 4605 Quum

149 4633 274 4701 autem
291 4622 363 4724 ipsi
383 4622 493 4699 etiam
511 4624 764 4725 quinquageni
782 4624 908 4729 plures
926 4637 1068 4721 essent,
1089 4652 1200 4726 quam
1219 4639 1259 4705 ut
1278 4631 1400 4713 simul
1418 4637 1531 4736 magi·

148 4758 265 4826 stratu
284 4748 544 4848 fungerentur,
572 4749 625 4826 illi
645 4749 793 4846 decem,
821 4751 952 4829 sortito
981 4776 1076 4828 unus
1094 4778 1210 4829 unum
1228 4756 1398 4855 septidui
1418 4761 1532 4855 diem,

148 4873 318 4953 similiter
336 4884 375 4950 et
391 4870 522 4973 reliqui
540 4900 647 4952 suum
666 4877 821 4977 quisque
840 4877 939 4955 diem
957 4878 1211 4981 imperabant,
1243 4879 1372 4960 donec
1392 4899 1533 4991 septem

147 5002 200 5076 illi
219 5002 298 5078 dies
318 5001 602 5100 complerentur.
639 5002 699 5078 Ita
716 5002 848 5098 fiebat,
868 5015 909 5079 ut
927 5013 1001 5080 tres
1020 5030 1041 5080 e
1060 5029 1214 5082 numero
1234 5005 1399 5089 denario
1419 5017 1532 5117 magi-

147 5136 328 5209 stratuum
354 5153 432 5206 non
458 5128 696 5232 imperarent.
743 5126 1006 5231 Unusquisque
1033 5141 1158 5209 autem
1182 5132 1435 5236 magistratus
1462 5169 1532 5222 uno
