<?xml version="1.0" encoding="UTF-8"?>
<!DOCTYPE html PUBLIC "-//W3C//DTD XHTML 1.0 Transitional//EN"
    "http://www.w3.org/TR/xhtml1/DTD/xhtml1-transitional.dtd">
<html xmlns="http://www.w3.org/1999/xhtml" xml:lang="en" lang="en">
 <head>
  <title>
</title>
<meta http-equiv="Content-Type" content="text/html;charset=utf-8" />
  <meta name='ocr-system' content='tesseract 3.04.00' />
  <meta name='ocr-capabilities' content='ocr_page ocr_carea ocr_par ocr_line ocrx_word'/>
</head>
<body>
  <div class='ocr_page' id='page_1' title='image "./synaggtnattiknn00tlgoog_0262.png"; bbox 0 0 3436 5790; ppageno 0'>
   <div class='ocr_carea' id='block_1_1' title="bbox 223 379 1055 453">
    <p class='ocr_par' dir='ltr' id='par_1_1' title="bbox 223 379 1055 453">
     <span class='ocr_line' id='line_1_1' title="bbox 223 379 1055 453; baseline 0.001 -1"><span class='ocrx_word' id='word_1_1' title='bbox 223 379 300 452; x_wconf 76' lang='lat'><strong><em>238</em></strong></span> <span class='ocrx_word' id='word_1_2' title='bbox 764 399 826 450; x_wconf 79' lang='lat' dir='ltr'><strong><em>rus</em></strong></span> <span class='ocrx_word' id='word_1_3' title='bbox 843 397 1055 453; x_wconf 72' lang='lat' dir='ltr'>reserens.</span> 
     </span>
    </p>
   </div>
   <div class='ocr_carea' id='block_1_2' title="bbox 864 589 953 665">
    <p class='ocr_par' dir='ltr' id='par_1_2' title="bbox 864 589 953 665">
     <span class='ocr_line' id='line_1_2' title="bbox 864 589 953 665; baseline 0.022 -2"><span class='ocrx_word' id='word_1_4' title='bbox 864 589 953 665; x_wconf 78' lang='grc'><strong>949.</strong></span> 
     </span>
    </p>
   </div>
   <div class='ocr_carea' id='block_1_3' title="bbox 315 685 1606 817">
    <p class='ocr_par' dir='ltr' id='par_1_3' title="bbox 315 685 1606 817">
     <span class='ocr_line' id='line_1_3' title="bbox 315 685 1606 817; baseline -0.004 -24"><span class='ocrx_word' id='word_1_5' title='bbox 315 716 383 793; x_wconf 61' lang='grc' dir='ltr'><strong><em>4Τά</em></strong></span> <span class='ocrx_word' id='word_1_6' title='bbox 391 748 414 794; x_wconf 91' lang='grc' dir='ltr'><strong><em>ν</em></strong></span> <span class='ocrx_word' id='word_1_7' title='bbox 443 717 512 793; x_wconf 82' lang='grc' dir='ltr'><strong><em>τοῦ</em></strong></span> <span class='ocrx_word' id='word_1_8' title='bbox 541 717 770 817; x_wconf 75' lang='grc' dir='ltr'><strong><em>τριηράρχου</em></strong></span> <span class='ocrx_word' id='word_1_9' title='bbox 798 711 988 812; x_wconf 76' lang='grc' dir='ltr'><em>διάδοχον</em></span> <span class='ocrx_word' id='word_1_10' title='bbox 1015 714 1335 817; x_wconf 75' lang='grc' dir='ltr'><strong><em>παραλαμβάνειν</em></strong></span> <span class='ocrx_word' id='word_1_11' title='bbox 1371 685 1444 808; x_wconf 74' lang='grc' dir='ltr'><strong><em>τῆν</em></strong></span> <span class='ocrx_word' id='word_1_12' title='bbox 1477 714 1606 802; x_wconf 76' lang='grc' dir='ltr'><strong><em>ναῦν,</em></strong></span> 
     </span>
    </p>
   </div>
   <div class='ocr_carea' id='block_1_4' title="bbox 221 831 1606 1069">
    <p class='ocr_par' dir='ltr' id='par_1_4' title="bbox 221 831 1606 1069">
     <span class='ocr_line' id='line_1_4' title="bbox 222 831 1606 944; baseline -0.002 -23"><span class='ocrx_word' id='word_1_13' title='bbox 222 842 363 921; x_wconf 83' lang='grc' dir='ltr'><strong><em>καὶτὸ</em></strong></span> <span class='ocrx_word' id='word_1_14' title='bbox 392 841 710 943; x_wconf 74' lang='grc' dir='ltr'><strong><em>ἐπιτριηράρχημα</em></strong></span> <span class='ocrx_word' id='word_1_15' title='bbox 736 836 966 919; x_wconf 80' lang='grc' dir='ltr'><strong><em>ἀποδιδόναι</em></strong></span> <span class='ocrx_word' id='word_1_16' title='bbox 996 842 1066 918; x_wconf 80' lang='grc' dir='ltr'><strong><em>τοῦ</em></strong></span> <span class='ocrx_word' id='word_1_17' title='bbox 1099 839 1251 944; x_wconf 85' lang='grc' dir='ltr'><strong><em>χρόνου</em></strong></span> <span class='ocrx_word' id='word_1_18' title='bbox 1279 831 1330 920; x_wconf 81' lang='grc' dir='ltr'><strong><em>οὗ</em></strong></span> <span class='ocrx_word' id='word_1_19' title='bbox 1358 839 1606 935; x_wconf 74' lang='grc' dir='ltr'><strong><em>ἐπανήλωσεν</em></strong></span> 
     </span>
     <span class='ocr_line' id='line_1_5' title="bbox 221 961 972 1069; baseline 0.001 -22"><span class='ocrx_word' id='word_1_20' title='bbox 221 979 368 1058; x_wconf 83' lang='grc' dir='ltr'><strong><em>ἐκεῖνος</em></strong></span> <span class='ocrx_word' id='word_1_21' title='bbox 386 961 483 1069; x_wconf 72' lang='grc' dir='ltr'><strong><em>ὑπὲρ</em></strong></span> <span class='ocrx_word' id='word_1_22' title='bbox 500 967 644 1045; x_wconf 83' lang='grc' dir='ltr'><strong><em>τούτου</em></strong></span> <span class='ocrx_word' id='word_1_23' title='bbox 662 965 972 1069; x_wconf 76' lang='grc' dir='ltr'><strong><em>ἐπιτριηραρχῶν.</em></strong></span> 
     </span>
    </p>
   </div>
   <div class='ocr_carea' id='block_1_5' title="bbox 797 1094 1497 1198">
    <p class='ocr_par' dir='ltr' id='par_1_5' title="bbox 797 1094 1497 1198">
     <span class='ocr_line' id='line_1_6' title="bbox 797 1094 1497 1198; baseline -0.003 -27"><span class='ocrx_word' id='word_1_24' title='bbox 797 1096 1010 1189; x_wconf 87' lang='lat' dir='ltr'>(Demosth.</span> <span class='ocrx_word' id='word_1_25' title='bbox 1032 1096 1116 1175; x_wconf 85' lang='lat' dir='ltr'>adv.</span> <span class='ocrx_word' id='word_1_26' title='bbox 1137 1095 1336 1198; x_wconf 83' lang='lat' dir='ltr'>Polyelem.</span> <span class='ocrx_word' id='word_1_27' title='bbox 1360 1094 1497 1188; x_wconf 72' lang='lat'><strong>1223.)</strong></span> 
     </span>
    </p>
   </div>
   <div class='ocr_carea' id='block_1_6' title="bbox 867 1258 956 1333">
    <p class='ocr_par' dir='ltr' id='par_1_6' title="bbox 867 1258 956 1333">
     <span class='ocr_line' id='line_1_7' title="bbox 867 1258 956 1333; baseline 0 -1"><span class='ocrx_word' id='word_1_28' title='bbox 867 1258 956 1333; x_wconf 85' lang='grc'><strong>942.</strong></span> 
     </span>
    </p>
   </div>
   <div class='ocr_carea' id='block_1_7' title="bbox 221 1383 1606 1610">
    <p class='ocr_par' dir='ltr' id='par_1_7' title="bbox 221 1383 1606 1610">
     <span class='ocr_line' id='line_1_8' title="bbox 329 1383 1606 1495; baseline -0.004 -32"><span class='ocrx_word' id='word_1_29' title='bbox 329 1386 571 1463; x_wconf 82' lang='lat' dir='ltr'>Trierarehee</span> <span class='ocrx_word' id='word_1_30' title='bbox 600 1399 791 1462; x_wconf 78' lang='lat' dir='ltr'><strong>successor</strong></span> <span class='ocrx_word' id='word_1_31' title='bbox 819 1384 998 1486; x_wconf 83' lang='lat' dir='ltr'>suscipiat</span> <span class='ocrx_word' id='word_1_32' title='bbox 1025 1410 1159 1495; x_wconf 81' lang='lat' dir='ltr'>navens</span> <span class='ocrx_word' id='word_1_33' title='bbox 1179 1394 1217 1460; x_wconf 92' lang='lat' dir='ltr'>et</span> <span class='ocrx_word' id='word_1_34' title='bbox 1235 1383 1368 1461; x_wconf 86' lang='lat' dir='ltr'>reddat</span> <span class='ocrx_word' id='word_1_35' title='bbox 1394 1391 1606 1489; x_wconf 71' lang='lat' dir='ltr'>sumptuse</span> 
     </span>
     <span class='ocr_line' id='line_1_9' title="bbox 221 1499 1604 1610; baseline -0.003 -23"><span class='ocrx_word' id='word_1_36' title='bbox 221 1513 422 1588; x_wconf 82' lang='lat' dir='ltr'>trierareha</span> <span class='ocrx_word' id='word_1_37' title='bbox 451 1511 556 1586; x_wconf 87' lang='lat' dir='ltr'>finito</span> <span class='ocrx_word' id='word_1_38' title='bbox 584 1511 747 1585; x_wconf 89' lang='lat' dir='ltr'>muneris</span> <span class='ocrx_word' id='word_1_39' title='bbox 776 1522 944 1609; x_wconf 85' lang='lat' dir='ltr'>ternpore</span> <span class='ocrx_word' id='word_1_40' title='bbox 975 1510 1117 1600; x_wconf 81' lang='lat' dir='ltr'>saetas,</span> <span class='ocrx_word' id='word_1_41' title='bbox 1142 1499 1272 1609; x_wconf 74' lang='lat' dir='ltr'><strong><em>vquum</em></strong></span> <span class='ocrx_word' id='word_1_42' title='bbox 1299 1510 1380 1610; x_wconf 89' lang='lat' dir='ltr'>ejus</span> <span class='ocrx_word' id='word_1_43' title='bbox 1409 1509 1491 1585; x_wconf 85' lang='lat' dir='ltr'>viee</span> <span class='ocrx_word' id='word_1_44' title='bbox 1519 1507 1604 1583; x_wconf 84' lang='lat' dir='ltr'>fun·</span> 
     </span>
    </p>
   </div>
   <div class='ocr_carea' id='block_1_8' title="bbox 220 1648 1604 1964">
    <p class='ocr_par' dir='ltr' id='par_1_8' title="bbox 220 1648 1604 1964">
     <span class='ocr_line' id='line_1_10' title="bbox 220 1648 378 1735; baseline -0.025 -22"><span class='ocrx_word' id='word_1_45' title='bbox 220 1648 378 1735; x_wconf 81' lang='lat' dir='ltr'><strong>geretur.</strong></span> 
     </span>
     <span class='ocr_line' id='line_1_11' title="bbox 867 1741 957 1816; baseline 0.011 -1"><span class='ocrx_word' id='word_1_46' title='bbox 867 1741 957 1816; x_wconf 82' lang='grc'><strong>943.</strong></span> 
     </span>
     <span class='ocr_line' id='line_1_12' title="bbox 323 1859 1604 1964; baseline 0.003 -25"><span class='ocrx_word' id='word_1_47' title='bbox 323 1861 461 1954; x_wconf 78' lang='grc' dir='ltr'><strong><em>Ἀτελῆ</em></strong></span> <span class='ocrx_word' id='word_1_48' title='bbox 474 1862 605 1964; x_wconf 82' lang='grc' dir='ltr'><strong><em>μηδέν’</em></strong></span> <span class='ocrx_word' id='word_1_49' title='bbox 625 1861 724 1939; x_wconf 77' lang='grc' dir='ltr'><strong><em>εἶναι</em></strong></span> <span class='ocrx_word' id='word_1_50' title='bbox 745 1867 1006 1963; x_wconf 80' lang='grc' dir='ltr'><strong><em>τριηραρχίας,</em></strong></span> <span class='ocrx_word' id='word_1_51' title='bbox 1041 1859 1141 1953; x_wconf 80' lang='grc' dir='ltr'><strong><em>πλην</em></strong></span> <span class='ocrx_word' id='word_1_52' title='bbox 1159 1863 1239 1940; x_wconf 80' lang='grc' dir='ltr'><strong><em>τῶν</em></strong></span> <span class='ocrx_word' id='word_1_53' title='bbox 1255 1869 1366 1939; x_wconf 79' lang='grc' dir='ltr'><strong><em>ἐννέα</em></strong></span> <span class='ocrx_word' id='word_1_54' title='bbox 1385 1859 1604 1962; x_wconf 79' lang='grc' dir='ltr'><strong><em>ἀρχόντων.</em></strong></span> 
     </span>
    </p>
   </div>
   <div class='ocr_carea' id='block_1_9' title="bbox 876 1991 1495 2095">
    <p class='ocr_par' dir='ltr' id='par_1_9' title="bbox 876 1991 1495 2095">
     <span class='ocr_line' id='line_1_13' title="bbox 876 1991 1495 2095; baseline -0.003 -25"><span class='ocrx_word' id='word_1_55' title='bbox 876 1991 1089 2087; x_wconf 85' lang='lat' dir='ltr'>(Demosth.</span> <span class='ocrx_word' id='word_1_56' title='bbox 1109 1994 1194 2070; x_wconf 84' lang='lat' dir='ltr'>adv.</span> <span class='ocrx_word' id='word_1_57' title='bbox 1214 1993 1362 2095; x_wconf 79' lang='lat' dir='ltr'><strong>Leptin.</strong></span> <span class='ocrx_word' id='word_1_58' title='bbox 1383 1994 1495 2093; x_wconf 75' lang='grc'><strong>465.)</strong></span> 
     </span>
    </p>
   </div>
   <div class='ocr_carea' id='block_1_10' title="bbox 327 2260 1604 2358">
    <p class='ocr_par' dir='ltr' id='par_1_10' title="bbox 327 2260 1604 2358">
     <span class='ocr_line' id='line_1_14' title="bbox 327 2260 1604 2358; baseline 0 -19"><span class='ocrx_word' id='word_1_59' title='bbox 327 2264 504 2340; x_wconf 89' lang='lat' dir='ltr'>Triremis</span> <span class='ocrx_word' id='word_1_60' title='bbox 523 2260 759 2339; x_wconf 82' lang='lat' dir='ltr'>instruendae</span> <span class='ocrx_word' id='word_1_61' title='bbox 779 2286 889 2338; x_wconf 89' lang='lat' dir='ltr'>nemo</span> <span class='ocrx_word' id='word_1_62' title='bbox 909 2260 957 2338; x_wconf 91' lang='lat' dir='ltr'><strong><em>sit</em></strong></span> <span class='ocrx_word' id='word_1_63' title='bbox 981 2261 1173 2358; x_wconf 89' lang='lat' dir='ltr'>immunis,</span> <span class='ocrx_word' id='word_1_64' title='bbox 1204 2287 1342 2338; x_wconf 86' lang='lat' dir='ltr'>novem</span> <span class='ocrx_word' id='word_1_65' title='bbox 1361 2262 1604 2341; x_wconf 77' lang='lat' dir='ltr'>archontibus</span> 
     </span>
    </p>
   </div>
   <div class='ocr_carea' id='block_1_11' title="bbox 221 2391 952 2572">
    <p class='ocr_par' dir='ltr' id='par_1_11' title="bbox 221 2391 952 2572">
     <span class='ocr_line' id='line_1_15' title="bbox 221 2391 393 2490; baseline -0.012 -24"><span class='ocrx_word' id='word_1_66' title='bbox 221 2391 393 2490; x_wconf 77' lang='lat' dir='ltr'>exeeptis.</span> 
     </span>
     <span class='ocr_line' id='line_1_16' title="bbox 861 2496 952 2572; baseline 0.044 -4"><span class='ocrx_word' id='word_1_67' title='bbox 861 2496 952 2572; x_wconf 86' lang='grc'><strong>944.</strong></span> 
     </span>
    </p>
   </div>
   <div class='ocr_carea' id='block_1_12' title="bbox 219 2611 1613 3102">
    <p class='ocr_par' dir='ltr' id='par_1_12' title="bbox 219 2611 1613 3102">
     <span class='ocr_line' id='line_1_17' title="bbox 328 2611 1605 2723; baseline -0.002 -28"><span class='ocrx_word' id='word_1_68' title='bbox 328 2621 375 2695; x_wconf 82' lang='grc' dir='ltr'><strong><em>Οἱ</em></strong></span> <span class='ocrx_word' id='word_1_69' title='bbox 389 2621 464 2718; x_wconf 80' lang='grc' dir='ltr'><strong><em>μὲν</em></strong></span> <span class='ocrx_word' id='word_1_70' title='bbox 488 2617 629 2695; x_wconf 79' lang='grc' dir='ltr'><strong><em>ἐλάττω</em></strong></span> <span class='ocrx_word' id='word_1_71' title='bbox 658 2624 887 2715; x_wconf 82' lang='grc' dir='ltr'><strong><em>κεκτημένοι</em></strong></span> <span class='ocrx_word' id='word_1_72' title='bbox 914 2618 989 2694; x_wconf 77' lang='grc' dir='ltr'><strong><em>του</em></strong></span> <span class='ocrx_word' id='word_1_73' title='bbox 1015 2623 1257 2723; x_wconf 84' lang='grc' dir='ltr'><strong><em>τριηραρχίας</em></strong></span> <span class='ocrx_word' id='word_1_74' title='bbox 1285 2611 1375 2709; x_wconf 77' lang='grc' dir='ltr'><strong><em>ἄξια</em></strong></span> <span class='ocrx_word' id='word_1_75' title='bbox 1402 2619 1530 2713; x_wconf 80' lang='grc' dir='ltr'><strong><em>ἐχειν,</em></strong></span> <span class='ocrx_word' id='word_1_76' title='bbox 1558 2622 1605 2693; x_wconf 78' lang='grc' dir='ltr'><strong><em>ἐν</em></strong></span> 
     </span>
     <span class='ocr_line' id='line_1_18' title="bbox 219 2739 1603 2843; baseline -0.002 -24"><span class='ocrx_word' id='word_1_77' title='bbox 219 2755 299 2832; x_wconf 81' lang='grc' dir='ltr'><strong><em>ταῖς</em></strong></span> <span class='ocrx_word' id='word_1_78' title='bbox 327 2749 524 2843; x_wconf 71' lang='grc' dir='ltr'><strong><em>εἰσφοραῖς</em></strong></span> <span class='ocrx_word' id='word_1_79' title='bbox 553 2741 804 2821; x_wconf 75' lang='grc' dir='ltr'><strong><em>συντελοῦσιν</em></strong></span> <span class='ocrx_word' id='word_1_80' title='bbox 821 2747 874 2830; x_wconf 79' lang='grc' dir='ltr'><strong><em>εἰς</em></strong></span> <span class='ocrx_word' id='word_1_81' title='bbox 893 2739 964 2819; x_wconf 84' lang='grc' dir='ltr'><strong><em>τάν</em></strong></span> <span class='ocrx_word' id='word_1_82' title='bbox 982 2743 1172 2843; x_wconf 81' lang='grc' dir='ltr'><strong><em>πόλεμον·</em></strong></span> <span class='ocrx_word' id='word_1_83' title='bbox 1202 2746 1240 2831; x_wconf 74' lang='grc' dir='ltr'><strong><em>οἱ</em></strong></span> <span class='ocrx_word' id='word_1_84' title='bbox 1267 2741 1302 2819; x_wconf 85' lang='grc' dir='ltr'><strong><em>δ’</em></strong></span> <span class='ocrx_word' id='word_1_85' title='bbox 1320 2740 1603 2841; x_wconf 78' lang='grc' dir='ltr'><strong><em>ἐφικνούμενοι</em></strong></span> 
     </span>
     <span class='ocr_line' id='line_1_19' title="bbox 219 2859 1613 2969; baseline -0.001 -25"><span class='ocrx_word' id='word_1_86' title='bbox 219 2868 289 2946; x_wconf 82' lang='grc' dir='ltr'><strong><em>τοῦ</em></strong></span> <span class='ocrx_word' id='word_1_87' title='bbox 318 2879 575 2969; x_wconf 87' lang='grc' dir='ltr'><strong><em>τριηραρχεῖν,</em></strong></span> <span class='ocrx_word' id='word_1_88' title='bbox 611 2873 664 2954; x_wconf 80' lang='grc' dir='ltr'><strong><em>εἰς</em></strong></span> <span class='ocrx_word' id='word_1_89' title='bbox 692 2864 894 2967; x_wconf 82' lang='grc' dir='ltr'><strong><em>ἀμφότερα</em></strong></span> <span class='ocrx_word' id='word_1_90' title='bbox 921 2859 1140 2968; x_wconf 74' lang='grc' dir='ltr'><strong><em>ὑπάρχουσι</em></strong></span> <span class='ocrx_word' id='word_1_91' title='bbox 1161 2866 1369 2968; x_wconf 77' lang='grc' dir='ltr'><strong><em>χρήσιμοι,</em></strong></span> <span class='ocrx_word' id='word_1_92' title='bbox 1397 2874 1469 2945; x_wconf 80' lang='grc' dir='ltr'><strong><em>καὶ</em></strong></span> <span class='ocrx_word' id='word_1_93' title='bbox 1496 2899 1613 2969; x_wconf 84' lang='grc' dir='ltr'><strong><em>τριη-Ι</em></strong></span> 
     </span>
     <span class='ocr_line' id='line_1_20' title="bbox 219 2997 1494 3102; baseline -0.001 -29"><span class='ocrx_word' id='word_1_94' title='bbox 219 3004 377 3094; x_wconf 80' lang='grc' dir='ltr'><strong><em>ραρχεῖν</em></strong></span> <span class='ocrx_word' id='word_1_95' title='bbox 394 2998 464 3069; x_wconf 78' lang='grc' dir='ltr'><strong><em>καὶ</em></strong></span> <span class='ocrx_word' id='word_1_96' title='bbox 482 2997 679 3091; x_wconf 84' lang='grc' dir='ltr'><strong><em>εἰσφέρειν.</em></strong></span> <span class='ocrx_word' id='word_1_97' title='bbox 877 2998 1088 3091; x_wconf 87' lang='lat' dir='ltr'>(Demosth.</span> <span class='ocrx_word' id='word_1_98' title='bbox 1108 2999 1192 3077; x_wconf 85' lang='lat' dir='ltr'>adv.</span> <span class='ocrx_word' id='word_1_99' title='bbox 1214 2998 1364 3102; x_wconf 85' lang='lat' dir='ltr'>Leptin.</span> <span class='ocrx_word' id='word_1_100' title='bbox 1382 2999 1494 3091; x_wconf 83' lang='grc'><strong>465.)</strong></span> 
     </span>
    </p>
   </div>
   <div class='ocr_carea' id='block_1_13' title="bbox 325 3157 1603 3368">
    <p class='ocr_par' dir='ltr' id='par_1_13' title="bbox 325 3157 1603 3368">
     <span class='ocr_line' id='line_1_21' title="bbox 866 3157 953 3232; baseline 0.011 -1"><span class='ocrx_word' id='word_1_101' title='bbox 866 3157 953 3232; x_wconf 88' lang='grc'><strong>944.</strong></span> 
     </span>
     <span class='ocr_line' id='line_1_22' title="bbox 325 3264 1603 3368; baseline 0.001 -25"><span class='ocrx_word' id='word_1_102' title='bbox 325 3269 491 3361; x_wconf 82' lang='lat' dir='ltr'>Quorum</span> <span class='ocrx_word' id='word_1_103' title='bbox 520 3289 610 3366; x_wconf 90' lang='lat' dir='ltr'>opes</span> <span class='ocrx_word' id='word_1_104' title='bbox 638 3264 799 3342; x_wconf 89' lang='lat' dir='ltr'>minores</span> <span class='ocrx_word' id='word_1_105' title='bbox 826 3278 935 3362; x_wconf 87' lang='lat' dir='ltr'>sunt,</span> <span class='ocrx_word' id='word_1_106' title='bbox 974 3293 1086 3368; x_wconf 81' lang='lat' dir='ltr'>quam</span> <span class='ocrx_word' id='word_1_107' title='bbox 1112 3278 1154 3344; x_wconf 91' lang='lat' dir='ltr'><strong><em>ut</em></strong></span> <span class='ocrx_word' id='word_1_108' title='bbox 1181 3267 1410 3345; x_wconf 79' lang='lat' dir='ltr'>instruendis</span> <span class='ocrx_word' id='word_1_109' title='bbox 1437 3267 1603 3346; x_wconf 80' lang='lat' dir='ltr'>navibus</span> 
     </span>
    </p>
   </div>
   <div class='ocr_carea' id='block_1_14' title="bbox 219 3384 1603 3725">
    <p class='ocr_par' dir='ltr' id='par_1_14' title="bbox 219 3384 1603 3725">
     <span class='ocr_line' id='line_1_23' title="bbox 219 3384 1601 3495; baseline 0.001 -28"><span class='ocrx_word' id='word_1_110' title='bbox 219 3393 293 3468; x_wconf 92' lang='lat' dir='ltr'>sint</span> <span class='ocrx_word' id='word_1_111' title='bbox 311 3419 438 3493; x_wconf 83' lang='lat' dir='ltr'>pares,</span> <span class='ocrx_word' id='word_1_112' title='bbox 458 3391 483 3466; x_wconf 92' lang='lat' dir='ltr'><strong><em>ii</em></strong></span> <span class='ocrx_word' id='word_1_113' title='bbox 502 3391 541 3466; x_wconf 90' lang='lat' dir='ltr'><strong><em>in</em></strong></span> <span class='ocrx_word' id='word_1_114' title='bbox 560 3387 707 3494; x_wconf 89' lang='lat' dir='ltr'>tributis</span> <span class='ocrx_word' id='word_1_115' title='bbox 726 3384 918 3468; x_wconf 78' lang='lat' dir='ltr'>conferent</span> <span class='ocrx_word' id='word_1_116' title='bbox 936 3391 983 3469; x_wconf 84' lang='lat' dir='ltr'><strong><em>ad</em></strong></span> <span class='ocrx_word' id='word_1_117' title='bbox 1002 3393 1164 3490; x_wconf 89' lang='lat' dir='ltr'>bellum;</span> <span class='ocrx_word' id='word_1_118' title='bbox 1191 3395 1253 3495; x_wconf 92' lang='lat' dir='ltr'><strong><em>qui</em></strong></span> <span class='ocrx_word' id='word_1_119' title='bbox 1272 3419 1361 3469; x_wconf 88' lang='lat' dir='ltr'>vero</span> <span class='ocrx_word' id='word_1_120' title='bbox 1378 3393 1601 3493; x_wconf 85' lang='lat' dir='ltr'>locupletio-</span> 
     </span>
     <span class='ocr_line' id='line_1_24' title="bbox 220 3515 1603 3620; baseline 0.004 -30"><span class='ocrx_word' id='word_1_121' title='bbox 220 3541 278 3591; x_wconf 90' lang='lat' dir='ltr'><strong><em>res</em></strong></span> <span class='ocrx_word' id='word_1_122' title='bbox 298 3517 449 3592; x_wconf 82' lang='lat' dir='ltr'>fortune</span> <span class='ocrx_word' id='word_1_123' title='bbox 468 3515 707 3593; x_wconf 82' lang='lat' dir='ltr'>trierarehiea</span> <span class='ocrx_word' id='word_1_124' title='bbox 725 3515 918 3611; x_wconf 83' lang='lat' dir='ltr'>fruuntur,</span> <span class='ocrx_word' id='word_1_125' title='bbox 947 3517 995 3594; x_wconf 85' lang='lat' dir='ltr'>ed</span> <span class='ocrx_word' id='word_1_126' title='bbox 1024 3529 1221 3618; x_wconf 90' lang='lat' dir='ltr'>utrumque</span> <span class='ocrx_word' id='word_1_127' title='bbox 1249 3528 1336 3595; x_wconf 88' lang='lat' dir='ltr'>sunt</span> <span class='ocrx_word' id='word_1_128' title='bbox 1354 3518 1454 3614; x_wconf 89' lang='lat' dir='ltr'>usui,</span> <span class='ocrx_word' id='word_1_129' title='bbox 1484 3545 1603 3620; x_wconf 91' lang='lat' dir='ltr'>quum</span> 
     </span>
     <span class='ocr_line' id='line_1_25' title="bbox 219 3641 1153 3725; baseline 0.003 -9"><span class='ocrx_word' id='word_1_130' title='bbox 219 3641 379 3718; x_wconf 84' lang='lat' dir='ltr'>navibus</span> <span class='ocrx_word' id='word_1_131' title='bbox 398 3642 625 3719; x_wconf 87' lang='lat' dir='ltr'>instruendis</span> <span class='ocrx_word' id='word_1_132' title='bbox 644 3652 722 3725; x_wconf 90' lang='lat' dir='ltr'><strong><em>tum</em></strong></span> <span class='ocrx_word' id='word_1_133' title='bbox 741 3642 888 3718; x_wconf 88' lang='lat' dir='ltr'>tributis</span> <span class='ocrx_word' id='word_1_134' title='bbox 907 3643 1153 3720; x_wconf 85' lang='lat' dir='ltr'>conferendis.</span> 
     </span>
    </p>
   </div>
   <div class='ocr_carea' id='block_1_15' title="bbox 326 3806 1605 4016">
    <p class='ocr_par' dir='ltr' id='par_1_15' title="bbox 326 3806 1605 4016">
     <span class='ocr_line' id='line_1_26' title="bbox 863 3806 952 3883; baseline 0.045 -4"><span class='ocrx_word' id='word_1_135' title='bbox 863 3806 913 3880; x_wconf 84' lang='grc'><strong>94</strong></span> <span class='ocrx_word' id='word_1_136' title='bbox 943 3864 952 3883; x_wconf 94' lang='grc'><strong><em>.</em></strong></span> 
     </span>
     <span class='ocr_line' id='line_1_27' title="bbox 326 3811 1605 4016; baseline 0.005 -34"><span class='ocrx_word' id='word_1_137' title='bbox 326 3914 534 4007; x_wconf 79' lang='grc' dir='ltr'><strong><em>Συμμορία</em></strong></span> <span class='ocrx_word' id='word_1_138' title='bbox 553 3913 631 3985; x_wconf 81' lang='grc' dir='ltr'><strong><em>ἐστὶ</em></strong></span> <span class='ocrx_word' id='word_1_139' title='bbox 649 3906 697 3984; x_wconf 85' lang='grc' dir='ltr'><strong><em>τά</em></strong></span> <span class='ocrx_word' id='word_1_140' title='bbox 716 3811 964 4016; x_wconf 61' lang='grc' dir='ltr'><strong><em>συντάγμαῗα</em></strong></span> <span class='ocrx_word' id='word_1_141' title='bbox 982 3911 1062 3987; x_wconf 79' lang='grc' dir='ltr'><strong><em>τῶν</em></strong></span> <span class='ocrx_word' id='word_1_142' title='bbox 1080 3916 1276 3988; x_wconf 82' lang='grc' dir='ltr'><strong><em>πλουσίων</em></strong></span> <span class='ocrx_word' id='word_1_143' title='bbox 1291 3908 1605 4002; x_wconf 74' lang='grc' dir='ltr'><strong><em>τῶνέπιτηδείων</em></strong></span> 
     </span>
    </p>
   </div>
   <div class='ocr_carea' id='block_1_16' title="bbox 221 4032 1493 4330">
    <p class='ocr_par' dir='ltr' id='par_1_16' title="bbox 221 4032 1493 4330">
     <span class='ocr_line' id='line_1_28' title="bbox 221 4032 1123 4136; baseline 0.008 -27"><span class='ocrx_word' id='word_1_144' title='bbox 221 4032 313 4136; x_wconf 82' lang='grc' dir='ltr'><strong><em>πρὸς</em></strong></span> <span class='ocrx_word' id='word_1_145' title='bbox 331 4038 592 4135; x_wconf 70' lang='grc' dir='ltr'><strong><em>τριηραρχίας·</em></strong></span> <span class='ocrx_word' id='word_1_146' title='bbox 620 4038 694 4110; x_wconf 75' lang='grc' dir='ltr'><strong><em>εἰσί</em></strong></span> <span class='ocrx_word' id='word_1_147' title='bbox 720 4033 759 4110; x_wconf 81' lang='grc' dir='ltr'><strong><em>δὲ</em></strong></span> <span class='ocrx_word' id='word_1_148' title='bbox 773 4039 899 4132; x_wconf 81' lang='grc' dir='ltr'><strong><em>χίλιοι</em></strong></span> <span class='ocrx_word' id='word_1_149' title='bbox 920 4034 1123 4116; x_wconf 83' lang='grc' dir='ltr'><strong><em>διακόσιοι.</em></strong></span> 
     </span>
     <span class='ocr_line' id='line_1_29' title="bbox 866 4147 1493 4330; baseline -0.002 -106"><span class='ocrx_word' id='word_1_150' title='bbox 866 4256 942 4330; x_wconf 68' lang='grc'><strong><em>945</em></strong></span> <span class='ocrx_word' id='word_1_151' title='bbox 986 4149 1132 4242; x_wconf 85' lang='lat' dir='ltr'>(Lexie.</span> <span class='ocrx_word' id='word_1_152' title='bbox 1151 4147 1306 4251; x_wconf 88' lang='lat' dir='ltr'>Seguer.</span> <span class='ocrx_word' id='word_1_153' title='bbox 1325 4178 1361 4249; x_wconf 90' lang='lat' dir='ltr'><strong><em>p.</em></strong></span> <span class='ocrx_word' id='word_1_154' title='bbox 1384 4148 1493 4240; x_wconf 87' lang='grc'><strong>300.)</strong></span> 
     </span>
    </p>
   </div>
   <div class='ocr_carea' id='block_1_17' title="bbox 220 4378 1602 4585">
    <p class='ocr_par' dir='ltr' id='par_1_17' title="bbox 220 4378 1602 4585">
     <span class='ocr_line' id='line_1_30' title="bbox 327 4378 1602 4482; baseline 0.004 -28"><span class='ocrx_word' id='word_1_155' title='bbox 327 4378 535 4482; x_wconf 78' lang='lat' dir='ltr'>Symmorie</span> <span class='ocrx_word' id='word_1_156' title='bbox 572 4399 629 4457; x_wconf 87' lang='lat' dir='ltr'>est</span> <span class='ocrx_word' id='word_1_157' title='bbox 664 4378 792 4458; x_wconf 83' lang='lat' dir='ltr'>elassis</span> <span class='ocrx_word' id='word_1_158' title='bbox 830 4382 986 4460; x_wconf 89' lang='lat' dir='ltr'>divitum</span> <span class='ocrx_word' id='word_1_159' title='bbox 1024 4383 1070 4459; x_wconf 85' lang='lat' dir='ltr'><strong><em>ad</em></strong></span> <span class='ocrx_word' id='word_1_160' title='bbox 1104 4381 1320 4460; x_wconf 89' lang='lat' dir='ltr'>obeundum</span> <span class='ocrx_word' id='word_1_161' title='bbox 1357 4381 1602 4459; x_wconf 77' lang='lat' dir='ltr'>trierarchise</span> 
     </span>
     <span class='ocr_line' id='line_1_31' title="bbox 220 4503 1173 4585; baseline 0.005 -7"><span class='ocrx_word' id='word_1_162' title='bbox 220 4532 351 4583; x_wconf 85' lang='lat' dir='ltr'>nrunus</span> <span class='ocrx_word' id='word_1_163' title='bbox 370 4503 597 4582; x_wconf 88' lang='lat' dir='ltr'>idoneorum.</span> <span class='ocrx_word' id='word_1_164' title='bbox 636 4503 733 4582; x_wconf 88' lang='lat' dir='ltr'>Sunt</span> <span class='ocrx_word' id='word_1_165' title='bbox 750 4517 874 4583; x_wconf 84' lang='lat' dir='ltr'>autem</span> <span class='ocrx_word' id='word_1_166' title='bbox 891 4508 993 4585; x_wconf 90' lang='lat' dir='ltr'>mille</span> <span class='ocrx_word' id='word_1_167' title='bbox 1012 4504 1173 4585; x_wconf 81' lang='lat' dir='ltr'>ducenti.</span> 
     </span>
    </p>
   </div>
   <div class='ocr_carea' id='block_1_18' title="bbox 220 4767 1603 5129">
    <p class='ocr_par' dir='ltr' id='par_1_18' title="bbox 220 4767 1603 5129">
     <span class='ocr_line' id='line_1_32' title="bbox 331 4767 1603 4871; baseline 0.003 -26"><span class='ocrx_word' id='word_1_168' title='bbox 331 4768 431 4858; x_wconf 78' lang='grc' dir='ltr'><strong><em>Τοάς</em></strong></span> <span class='ocrx_word' id='word_1_169' title='bbox 460 4767 709 4868; x_wconf 81' lang='grc' dir='ltr'><strong><em>τριηράρχους</em></strong></span> <span class='ocrx_word' id='word_1_170' title='bbox 736 4776 943 4847; x_wconf 77' lang='grc' dir='ltr'><strong><em>καλεῖσθαι</em></strong></span> <span class='ocrx_word' id='word_1_171' title='bbox 972 4778 1033 4848; x_wconf 84' lang='grc' dir='ltr'><strong><em>ἐπὶ</em></strong></span> <span class='ocrx_word' id='word_1_172' title='bbox 1061 4769 1133 4863; x_wconf 81' lang='grc' dir='ltr'><strong><em>τήν</em></strong></span> <span class='ocrx_word' id='word_1_173' title='bbox 1159 4770 1285 4871; x_wconf 86' lang='grc' dir='ltr'><strong><em>τριήρη</em></strong></span> <span class='ocrx_word' id='word_1_174' title='bbox 1313 4772 1603 4850; x_wconf 76' lang='grc' dir='ltr'><strong><em>συνεκκαίδεκα</em></strong></span> 
     </span>
     <span class='ocr_line' id='line_1_33' title="bbox 220 4894 1601 5001; baseline 0.002 -27"><span class='ocrx_word' id='word_1_175' title='bbox 220 4905 265 4974; x_wconf 78' lang='grc' dir='ltr'><strong><em>ἐκ</em></strong></span> <span class='ocrx_word' id='word_1_176' title='bbox 286 4896 363 4973; x_wconf 78' lang='grc' dir='ltr'><strong><em>τῶν</em></strong></span> <span class='ocrx_word' id='word_1_177' title='bbox 381 4904 424 4973; x_wconf 83' lang='grc' dir='ltr'><strong><em>ἐν</em></strong></span> <span class='ocrx_word' id='word_1_178' title='bbox 442 4908 521 4983; x_wconf 80' lang='grc' dir='ltr'><strong><em>τοῖς</em></strong></span> <span class='ocrx_word' id='word_1_179' title='bbox 539 4894 670 4993; x_wconf 86' lang='grc' dir='ltr'><strong><em>λόχοις</em></strong></span> <span class='ocrx_word' id='word_1_180' title='bbox 690 4895 937 4987; x_wconf 82' lang='grc' dir='ltr'><strong><em>συντελειῶν,</em></strong></span> <span class='ocrx_word' id='word_1_181' title='bbox 967 4894 1045 4972; x_wconf 85' lang='grc' dir='ltr'><strong><em>άπὸ</em></strong></span> <span class='ocrx_word' id='word_1_182' title='bbox 1068 4898 1193 4972; x_wconf 83' lang='grc' dir='ltr'><strong><em>εἴκοσι</em></strong></span> <span class='ocrx_word' id='word_1_183' title='bbox 1211 4903 1410 5001; x_wconf 78' lang='grc' dir='ltr'><strong><em>καέπέντε</em></strong></span> <span class='ocrx_word' id='word_1_184' title='bbox 1430 4898 1528 4976; x_wconf 76' lang='grc' dir='ltr'><strong><em>ἐτῶν</em></strong></span> <span class='ocrx_word' id='word_1_185' title='bbox 1546 4906 1601 4989; x_wconf 78' lang='grc' dir='ltr'><strong><em>εἰς</em></strong></span> 
     </span>
     <span class='ocr_line' id='line_1_34' title="bbox 221 5024 1216 5129; baseline 0.004 -31"><span class='ocrx_word' id='word_1_186' title='bbox 221 5052 526 5121; x_wconf 83' lang='grc' dir='ltr'><strong><em>τετταρακοντα,</em></strong></span> <span class='ocrx_word' id='word_1_187' title='bbox 555 5031 614 5101; x_wconf 78' lang='grc' dir='ltr'><strong><em>ἐπὶ</em></strong></span> <span class='ocrx_word' id='word_1_188' title='bbox 636 5024 723 5099; x_wconf 87' lang='grc' dir='ltr'><strong><em>ἴσον</em></strong></span> <span class='ocrx_word' id='word_1_189' title='bbox 741 5024 786 5121; x_wconf 77' lang='grc' dir='ltr'><strong><em>τῇ</em></strong></span> <span class='ocrx_word' id='word_1_190' title='bbox 799 5029 969 5129; x_wconf 78' lang='grc' dir='ltr'><strong><em>χορηγίᾳ</em></strong></span> <span class='ocrx_word' id='word_1_191' title='bbox 983 5030 1216 5123; x_wconf 83' lang='grc' dir='ltr'><strong><em>χρωμένους.</em></strong></span> 
     </span>
    </p>
   </div>
   <div class='ocr_carea' id='block_1_19' title="bbox 902 5152 1493 5248">
    <p class='ocr_par' dir='ltr' id='par_1_19' title="bbox 902 5152 1493 5248">
     <span class='ocr_line' id='line_1_35' title="bbox 902 5152 1493 5248; baseline -0.005 -18"><span class='ocrx_word' id='word_1_192' title='bbox 902 5153 1116 5246; x_wconf 89' lang='lat' dir='ltr'>(Demosth.</span> <span class='ocrx_word' id='word_1_193' title='bbox 1135 5154 1181 5232; x_wconf 89' lang='lat' dir='ltr'>de</span> <span class='ocrx_word' id='word_1_194' title='bbox 1201 5152 1361 5233; x_wconf 63' lang='lat' dir='ltr'>corone</span> <span class='ocrx_word' id='word_1_195' title='bbox 1381 5152 1493 5248; x_wconf 77' lang='lat'><strong>261.)</strong></span> 
     </span>
    </p>
   </div>
   <div class='ocr_carea' id='block_1_20' title="bbox 0 0 1722 5790">
    <p class='ocr_par' dir='ltr' id='par_1_20' title="bbox 0 0 1722 5790">
     <span class='ocr_line' id='line_1_36' title="bbox 0 0 1722 5790; baseline 0 0"><span class='ocrx_word' id='word_1_196' title='bbox 0 0 1722 5790; x_wconf 95' lang='lat' dir='ltr'><strong><em> </em></strong></span> 
     </span>
    </p>
   </div>
  </div>
 </body>
</html>
