3436 5790
715 368 765 416 nc
784 367 1003 420 socrarnrr.
1468 345 1544 418 395
1663 394 1668 409 «

159 561 395 662 quidcunque
419 560 691 662 disposuerint,
719 557 757 635 id
781 568 903 635 ratum
923 570 1022 649 esto,
1051 561 1122 638 nisi
1142 559 1316 663 publicae
1336 563 1439 660 leges
1460 587 1544 662 pro·

159 689 360 765 hibuerint.

802 793 914 869 1538.

262 914 487 1018 Ἐρανιστός
505 920 647 1014 κυρίως
666 920 771 992 ἐστὶν
790 907 811 989 ό
832 916 904 991 τοῦ
925 914 1063 1014 ἐράνου
1078 923 1263 1015 μετέχων,
1292 922 1361 992 καὶ
1380 914 1450 1008 τὴν
1470 946 1546 1013 φο-

161 1043 234 1145 ράν
255 1038 303 1136 ἣν
323 1043 491 1120 ἑκάστου
506 1040 629 1143 μηνός
649 1040 708 1116 δεῖ
723 1040 1003 1142 καταβάλλειν,
1032 1046 1227 1142 εἰσφέρων.

861 1172 1150 1273 (Harpocratio:
1171 1173 1440 1270 ἐρανίζοντες.)

803 1334 917 1411 1538.

269 1463 477 1540 Collectam
506 1488 709 1560 corrogans
737 1462 888 1564 proprie
917 1459 1079 1554 dicitur,
1119 1462 1180 1561 qui
1211 1462 1318 1563 stipis
1347 1459 1546 1535 collatitiae

166 1591 350 1691 particeps
369 1599 425 1663 cst
445 1614 489 1665 ac
507 1587 727 1689 pensionem
746 1587 913 1680 confert,
944 1613 1057 1688 quam
1075 1587 1231 1685 singulis
1251 1586 1422 1663 conferre
1442 1611 1544 1660 men·

167 1715 265 1791 sibus
285 1726 445 1815 oportet.

797 1821 847 1894 15
876 1822 912 1897 9.

273 1944 361 2021 Τιῖιν
380 1943 527 2048 ἐράνων
545 1940 592 2019 τά
612 1940 789 2045 περιόντα
809 1821 971 2042 videniur.

813 2071 1008 2166 (Aeschin.
1027 2073 1066 2149 in
1086 2071 1254 2174 Ctesiph.
1274 2068 1306 2174 ξ.
1328 2073 1440 2170 251.)

797 2234 912 2312 1539.

270 2362 385 2464 Stipis
406 2362 605 2439 collatitiae
625 2386 720 2463 quae
740 2371 958 2461 supersunt,
980 2359 1262 2439 distribuuntur.

797 2522 912 2599 1540.

259 2639 316 2720 ”A
327 2650 472 2748 λογοι
502 2649 789 2743 ἐρανισταὶ,
820 2647 855 2720 oi
871 2642 985 2743 μήπω
1009 2642 1237 2741 ἐξειληχότας
1264 2643 1309 2721 τό
1338 2645 1547 2747 ἐπιβάλλον

169 2776 311 2859 ἑαυτοῖς
331 2766 432 2845 κατά
451 2767 521 2861 τόν
541 2777 586 2846 ἐκ
605 2770 669 2861 τῆς
688 2768 869 2870 περιόδου
897 2767 1004 2863 τάξιν
1032 2768 1110 2846 niv
1137 2765 1362 2869 ὀνομάτων,
1390 2772 1470 2848 τῶν
1496 2776 1549 2859 εἰς

169 2895 234 2974 τόν
254 2900 395 2996 ἔρανον
414 2903 694 2995 ἐκφερομένων.
1138 2898 1440 3000 (Harpocratio.)

803 3009 916 3083 1540.

268 3135 417 3210 Rationi
437 3134 589 3210 obnoxii
619 3136 801 3210 eranistae
831 3145 917 3212 sunt
944 3134 1090 3233 collegii
1121 3137 1368 3213 eranistarum
1386 3135 1547 3230 sodales,

169 3261 227 3358 qui
247 3270 367 3336 ratam
387 3284 492 3335 suam
512 3269 656 3360 partem
676 3258 841 3335 nondum
870 3261 1063 3335 solverunt
1084 3262 1195 3360 juxta
1214 3261 1384 3337 ordinem
1403 3271 1440 3336 et
1458 3261 1547 3336 certi

167 3387 340 3487 temporis
360 3385 652 3486 praescriptum,
683 3411 756 3487 quo
777 3387 930 3462 nomina
949 3384 995 3460 ad
1014 3387 1251 3463 collationem
1270 3385 1439 3463 eduntur.

804 3544 919 3621 1541.

262 3683 387 3762 Ὅταν
407 3715 462 3773 τις
481 3681 668 3789 ἀργύριον
687 3681 742 3786 δῷ
763 3681 816 3773 εἰς
836 3682 1031 3777 ἐνθόκην,
1061 3681 1261 3785 ἀφορμὴ
1293 3693 1477 3789 καλεῖται.

975 3813 1130 3910 (Suidas
1150 3843 1177 3892 s.
1196 3845 1231 3891 v.
1252 3808 1441 3919 ἀφορμή.)
1552 3894 1559 3907 ,

806 3922 919 3999 1541.
967 3937 969 3941 ’
1421 3922 1424 3929 ’

273 4068 395 4159 Quum
416 4070 496 4166 quis
517 4067 712 4170 pecuniam
732 4066 815 4162 dat,
844 4075 886 4146 ut
905 4064 1006 4144 illam
1025 4065 1064 4143 in
1089 4065 1251 4144 medinm
1271 4068 1461 4163 conferat,
1488 4066 1553 4145 illa

165 4220 242 4268 sors
261 4202 425 4269 vocatur.

803 4304 918 4379 totu.

263 4434 406 4517 Ὁπότε
427 4450 656 4520 κοινωνοῑέν
674 4471 771 4530 τινες
792 4439 969 4535 ἀλλήλοις
987 4448 1058 4519 καὶ
1080 4445 1205 4540 οἱμὲν
1223 4441 1436 4541 βούλοιντο
1465 4443 1551 4519 δια-

164 4574 346 4666 νέμεσθαι
366 4564 412 4641 τά
432 4565 549 4644 κοινά
570 4571 606 4644 oi
634 4567 673 4645 δὲ
702 4566 775 4660 αὴ,
805 4567 1033 4663 δικάζονται
1061 4571 1099 4644 oi
1125 4550 1360 4668 βουλόμενοι
1391 4581 1470 4658 τοῖς
1493 4569 1548 4670 μή

163 4696 415 4792 βουλομένοις
435 4692 745 4793 προκαλούμενοι
774 4699 844 4784 εἰς
870 4690 1100 4784 δατητῶν
1128 4697 1334 4792 αἵρεσιν.

899 4823 1189 4927 (Ηοιροοιιιλὶοε
1210 4818 1444 4919 δατεῖσθαι.)

805 4984 918 5060 1542.

273 5110 396 5206 Quum
425 5109 574 5215 quidam
602 5113 787 5193 sociorum
814 5138 874 5191 res
902 5136 1118 5194 communes
1147 5110 1264 5193 dividi
1295 5109 1448 5212 volunt,
1489 5111 1551 5195 alii
