3436 5790
180 405 259 481 1oe
723 429 787 482 rus
802 427 1017 483 auunculo.
1147 460 1152 469 ·

175 622 354 716 brantur;
382 622 586 722 victorique
616 621 773 722 praemii
802 620 885 696 loco
906 619 1015 696 datur
1035 620 1157 697 oleum
1175 621 1213 695 in
1233 616 1421 722 amphoris
1440 631 1478 696 et
1496 644 1557 695 oo·

175 770 268 821 roua
296 746 500 844 oleaginea.
548 747 813 822 Panathenaea
841 771 931 825 vero
960 742 1123 847 duplicia
1158 745 1412 822 celebrantur:
1441 746 1561 821 altera

177 870 334 968 singulis
352 871 479 966 annis,
499 874 758 948 altercantem
780 872 910 971 quinto
930 896 1079 972 quoque
1098 897 1214 965 anno,
1235 895 1330 972 quae
1350 871 1463 948 etiam
1480 894 1559 947 ma·
1633 962 1637 968 Ι

167 997 255 1095 jora
272 1007 464 1074 vocantur.

816 1103 906 1181 432.

280 1239 421 1318 Πάντα
450 1237 664 1352 ἀνθρωπον
699 1251 939 1346 κεκτημένον
966 1250 1095 1334 ἐλαίας
1123 1242 1417 1350 ἀναγκάζεσθαι
1440 1247 1558 1342 μέρος

171 1399 207 1443 τι
227 1374 406 1468 παρέχειν
424 1374 477 1459 είς
496 1368 541 1446 τά
563 1368 841 1461 Παναθήναια.
879 1376 1059 1470 Κέραμον
1081 1367 1154 1475 γὰρ
1173 1375 1308 1448 ἐλαίου
1326 1366 1557 1471 λαμβάνου-

172 1518 234 1570 σιν
254 1495 291 1569 οἱ
310 1495 502 1584 νικῶντες.
711 1499 855 1593 (Schol.
875 1501 914 1576 iu
933 1499 1173 1604 Aristophan.
1194 1500 1291 1578 Nub.
1314 1498 1448 1591 1005.)

822 1661 910 1737 433.

278 1804 496 1906 Quicunque
517 1805 636 1880 olivas
654 1805 820 1905 possidet
838 1813 994 1904 cogatur
1012 1815 1158 1906 partem
1176 1804 1249 1879 olei
1269 1802 1397 1902 largiri
1415 1801 1463 1877 ad
1482 1801 1554 1881 Pa·

170 1932 389 2010 nathenaea
427 1929 597 2007 Victores
617 1930 716 2006 enim
734 1954 801 2004 vas
820 1930 903 2006 oleo
921 1929 1077 2031 plenum
1095 1929 1295 2032 accipiunt.

818 2093 907 2170 433.

280 2228 336 2303 Td
355 2232 507 2335 μεγάλα
525 2229 795 2325 Παναθήναια
823 2224 956 2336 ἀγεται
985 2237 1038 2320 εἰς
1068 2226 1186 2325 dccv,
1209 2225 1555 2333 Ἑκατομβαιῶνος

164 2352 287 2453 μηνὸς
305 2360 413 2458 τρίτη
432 2353 621 2447 ἀπιόντος.
684 2360 829 2455 (Schol.
847 2363 887 2438 in
905 2362 1053 2439 Platon.
1072 2363 1255 2465 rempubl.
1274 2388 1312 2464 p.
1333 2362 1444 2454 395.)

812 2523 903 2600 433.

273 2645 413 2747 Magna
447 2648 714 2726 Panathenaea
751 2649 987 2729 celebrantur
1023 2652 1062 2727 in
1089 2651 1183 2727 urbe
1211 2648 1553 2728 Hecatombaeonis
1602 2683 1606 2690 ·

165 2772 304 2848 mensis
322 2771 527 2850 desinentis
547 2773 606 2849 die
624 2775 743 2865 tertia

269 3066 341 3144 Ἐν
358 3083 437 3160 τοῖς
458 3077 757 3164 Παναθηναίοις
776 3074 894 3150 πᾶσαι
918 3077 958 3150 αἱ
975 3067 1054 3152 ἀπὸ
1073 3074 1153 3152 τῶν
1172 3071 1417 3167 Ἀθηναιίιιν
1434 3069 1551 3152 ἀποι-

165 3201 361 3272 κισθεῖσαι
379 3196 505 3285 πόλεις
523 3198 629 3299 βοῦν
645 3199 913 3299 τοθησόμενον
931 3211 1131 3301 πέμπουσι.

729 3328 873 3424 (Schol.
892 3332 931 3409 in
950 3318 1189 3435 Aristophan.
1209 3331 1308 3409 Nub.
1329 3329 1440 3424 386.)

812 3492 903 3571 434.

272 3614 460 3716 Tempore
480 3617 832 3721 Panathenaeorum
858 3646 987 3697 omnes
1007 3622 1054 3698 ab
1074 3619 1369 3700 Atheniensibus
1387 3621 1427 3697 in
1445 3619 1546 3697 colo-

164 3739 263 3818 niam
281 3740 463 3818 deductae
482 3743 593 3821 urbes
612 3744 749 3824 bovem
765 3746 1005 3826 mactandum
1021 3749 1185 3826 mittunt

811 3908 900 3984 435.

274 4041 327 4140 Τῇ
352 4040 509 4146 Ἀθηνᾷ
536 4045 688 4123 πολιάδι
720 4039 818 4146 odon
846 4051 984 4138 πέπλος
1011 4056 1158 4155 γίνεται
1187 4054 1470 4152 παμποικίλος,
1500 4044 1549 4128 ἀν

163 4163 424 4269 ἀναφέρουσιν
441 4178 485 4249 ἐν
500 4171 547 4268 τῇ
568 4170 700 4272 πομπῇ
719 4173 799 4250 τῶν
816 4178 1127 4267 Παναθηναίων.

713 4302 858 4405 (sua.
877 4307 917 4382 in
935 4260 1438 4408 anapauomenen

808 4466 896 4546 aaa.

269 4607 481 4704 Minervae,
501 4611 595 4687 arcis
614 4611 797 4712 praesidi,
822 4615 957 4717 peplus
976 4624 1130 4719 paratur
1147 4616 1250 4694 varie
1268 4618 1411 4719 pictus,
1431 4633 1553 4721 quem'

159 4737 197 4810 in
217 4761 358 4836 pompa
375 4734 726 4816 Panathenaeorum
745 4739 1019 4819 circumferunt.

804 4902 894 4981 436.

263 5034 333 5112 Ἐν
364 5039 421 5138 τρῖ
453 5036 576 5143 ἀγῶνι
614 5040 692 5117 τῶν
727 5047 1026 5137 Παναθηναίων
1057 5040 1159 5144 παραὶ
1187 5042 1260 5123 τὸν
1289 5042 1414 5145 νόμον
1440 5052 1542 5138 ἐστὶ,

157 5161 312 5265 βαπτὸν
329 5167 472 5261 ἔχοντα
489 5164 646 5265 ἱμάτιον
667 5174 838 5270 θεωρεῖν.
988 5174 1162 5269 (Ιιαοίω.
1181 5176 1327 5275 Nigrin.
1350 5170 1432 5270 14.)
