3436 5790
461 429 560 480 urm
582 429 648 479 vra
666 418 708 478 ln
730 422 859 476 causta
878 417 1142 479 onnmsnraus.
1412 391 1490 474 tls

751 620 840 695 842.

209 766 254 840 In
274 765 496 868 capitalibus
514 764 562 841 ad
582 764 792 841 Palladium
813 765 953 860 causis,
984 762 1143 838 victimis
1162 760 1352 850 secandis,
1380 760 1406 834 ii
1424 760 1488 862 qui

108 888 282 986 suffragio
311 889 520 990 superiores
547 901 655 986 sunt,
683 891 806 989 jurare
836 897 1032 981 tenentur,
1063 912 1128 961 eos
1150 884 1295 986 judices
1327 909 1412 960 vere
1426 885 1487 985 ju·

108 1024 229 1114 steque
249 1015 528 1115 pronuntiasse,
549 1016 611 1115 qui
632 1014 852 1115 suffragium
870 1039 940 1117 pro
959 1038 999 1088 se
1020 1012 1191 1104 tulen'nt,
1212 1021 1250 1086 et
1268 1009 1412 1085 nullum
1432 1007 1486 1083 di·

107 1141 197 1216 xisse
217 1140 469 1216 mendacium:
499 1139 597 1240 quod
626 1140 664 1216 ni
692 1140 745 1218 ita
773 1124 820 1216 fil
826 1196 834 1233 ,
864 1138 935 1215 sibi
966 1147 1004 1212 et
1032 1136 1195 1213 familiae
1225 1160 1313 1212 suae
1334 1133 1487 1213 exitium

107 1266 363 1366 imprecantur.

751 1373 841 1448 843.

208 1516 286 1589 Καὶ
307 1519 351 1590 ἐν
367 1512 423 1613 τῷ
444 1512 676 1613 δικαστηρίῳ
705 1511 784 1589 τῶν
811 1508 1012 1587 ἀκουσίων
1030 1506 1186 1606 φόνων,
1214 1509 1271 1610 τῷ
1288 1513 1350 1586 rut
1372 1511 1486 1583 Παλ-

107 1623 253 1738 lodie),
272 1629 477 1717 ὑπόκειται
497 1635 739 1737 πρῶτονμὲν
759 1632 965 1735 διωμοσία·
990 1634 1169 1736 δὲύτερον
1189 1632 1226 1711 δὲ
1247 1632 1382 1739 λόγος·
1403 1635 1487 1731 τρί-

107 1762 228 1842 τουδί
247 1764 384 1871 γυῶσις
404 1765 474 1841 τοῦ
496 1762 756 1864 δικαστηρίου.

746 1893 957 1986 (Demosth.
979 1917 1008 1968 c.
1030 1889 1246 1971 Aristocrat
1267 1890 1378 1981 643.)

746 2055 835 2133 843.

207 2200 329 2275 Etiam
348 2199 387 2274 in
402 2199 544 2299 judicio
564 2198 607 2273 de
635 2196 810 2274 caedibus
835 2197 1017 2289 fortuitis,
1046 2196 1093 2271 ad
1114 2194 1344 2287 Palladium,
1374 2192 1485 2268 usita-

106 2333 177 2399 tum
196 2334 253 2400 est
272 2325 392 2426 primo
404 2322 689 2426 jusjurandum,
711 2320 846 2399 deinde
865 2321 1004 2416 oratio,
1026 2333 1103 2395 tum
1123 2318 1288 2419 cognitio
1302 2315 1483 2422 judicum.

748 2483 836 2559 844.

201 2621 274 2701 Ἐν
300 2625 354 2724 τῷ
378 2621 520 2724 Ἀρείῳ
548 2622 659 2728 πάγῳ
689 2620 781 2710 τούς
807 2619 952 2726 ἀργούς
980 2625 1141 2708 λίθους,
1171 2627 1231 2714 ἐφ’
1252 2608 1308 2693 ὦν
1333 2618 1486 2693 ἑστᾶσιν

105 2745 185 2826 ὅσοι
207 2748 318 2837 δίκας
336 2741 523 2847 ὑπέχουσι
543 2757 614 2827 καί
634 2753 670 2827 ol
692 2746 897 2836 διώκοντες
908 2806 919 2839 ,
948 2743 1020 2824 τὸν
1045 2746 1119 2845 μὲν
1138 2743 1328 2846 Ὕβρεως,
1356 2740 1427 2820 τὸν
1445 2741 1483 2818 δὲ

100 2871 314 2965 Ἀναιδείας
335 2872 610 2972 ὀνομάζεσθαι.
772 2908 776 2919 ·
939 2876 1165 2970 (Pausanias
1184 2876 1213 2970 I,
1235 2874 1300 2970 28,
1320 2876 1376 2965 5.)

743 2990 833 3062 844.

206 3133 251 3208 ln
281 3128 479 3230 Areopago
508 3130 582 3206 duo
610 3131 722 3208 rudes
752 3130 916 3232 lapides,
946 3128 1080 3228 quibus
1108 3126 1161 3201 rei
1190 3135 1227 3199 et
1250 3134 1483 3201 accusatores

101 3255 278 3351 insident,
312 3256 407 3333 alter
424 3255 702 3350 Contumeliae,
732 3254 989 3357 Impudentiae
1010 3253 1104 3329 alter
1123 3261 1286 3329 vocetur.

208 3578 254 3652 Οί
279 3574 550 3680 Ἀρεοπαγῖται
573 3573 652 3651 οὐκ
670 3584 718 3652 ἐκ
736 3576 806 3652 τοῦ
827 3572 949 3679 λόγου
969 3573 1098 3672 μόνον
1116 3568 1203 3650 οὐδ’
1221 3580 1270 3648 ἐκ
1288 3570 1366 3649 τῶν
1380 3602 1483 3671 μαρ-

101 3701 238 3799 τυριῶν
258 3698 341 3776 ἀλλ’
362 3710 400 3793 ἐξ
420 3691 476 3778 alr
497 3698 608 3777 αὐτοί
631 3701 731 3775 ἴσασι
754 3707 821 3777 καί
841 3699 1043 3792 ἐξητάκασι
1064 3695 1137 3790 triv
1155 3699 1294 3799 ψῆφον
1312 3705 1480 3797 φέρουσι.

765 3828 958 3923 (Aeschin.
979 3856 1010 3907 c.
1030 3829 1217 3907 Timarch.
1239 3823 1271 3931 ξ.
1293 3828 1376 3923 92.)

742 3994 831 4067 845.

205 4134 454 4237 Areopagitae
484 4161 607 4234 neque
637 4160 683 4213 ex
712 4138 881 4214 oratione
905 4135 1105 4228 duntaxat,
1136 4159 1256 4235 neque
1277 4159 1297 4208 e
1317 4133 1480 4211 testimo·
1602 4180 1605 4185 ·

100 4261 188 4356 niis,
208 4261 274 4337 sed
293 4287 314 4337 e
333 4287 400 4336 sua
419 4261 648 4337 conscientia
666 4272 703 4338 et
721 4261 962 4361 indagatione
983 4259 1203 4356 suffragium
1222 4260 1354 4335 lenrnt.

740 4440 830 4514 846.

199 4576 321 4677 Ἀνήρ
341 4580 521 4686 ἐκφεύγει
543 4584 704 4682 αἵματος
723 4577 860 4672 δίκην,
889 4573 941 4654 dr
966 4578 1055 4654 ἴσον
1072 4570 1099 4677 ᾖ
1115 4576 1160 4654 τὸ
1181 4575 1384 4678 ἀρίθμημα
1402 4582 1481 4656 τῶν

98 4705 236 4783 πάλου.
748 4708 941 4810 (Aeschyl.
962 4705 1187 4784 Eumenides
1207 4707 1295 4783 752.
1316 4710 1372 4800 v.)

744 4886 833 4963 846.

204 5034 271 5109 Vir
292 5033 416 5113 caedis
437 5035 590 5110 crimine
610 5034 837 5127 absolvitur,
865 5030 895 5109 si
924 5058 994 5135 par
1021 5055 1198 5109 numerus
1215 5030 1327 5111 fuerit
1344 5034 1477 5118 suffra·

93 5161 252 5260 giorum.
479 5138 482 5145 Δ
