3404 5782
782 446 845 496 ms
864 445 1075 498 PUBLICUM.

887 635 974 708 486.
1094 674 1096 680 ·

343 784 521 880 Neptuno
541 792 730 857 certamen
749 782 788 855 in
809 779 964 853 Piraeeo
984 781 1221 875 faciundum,
1241 784 1361 858 tribus
1381 785 1623 860 circularibus
1657 791 1661 799 '

237 906 380 1000 chorio,
401 934 479 981 non
497 906 756 1006 paucioribus3
784 915 822 978 et
839 903 1043 980 vieton‘bus
1069 906 1215 983 dandae
1235 920 1324 984 sunt
1341 909 1470 985 decem
1488 911 1623 1002 minae,

237 1058 314 1109 non
332 1032 453 1128 infra3
482 1032 525 1106 iis
545 1032 607 1131 qui
626 1030 777 1106 secundi
792 1031 1028 1131 judicantur,
1055 1044 1159 1129 ooto;
1186 1034 1231 1109 iis
1250 1034 1313 1134 qui
1333 1034 1454 1129 tertii,
1475 1060 1550 1109 sex.

889 1207 978 1283 487.

342 1347 628 1447 >Αλειιτρυὸνας
648 1345 907 1452 ἀγωνίζεσθαι
938 1348 1102 1469 δαμοσίᾳ
1122 1357 1164 1425 ἐν
1182 1350 1237 1450 τῷ
1258 1349 1408 1449 θεάτρῳ
1423 1350 1516 1448 μιᾶς
1535 1343 1624 1450 ἦμέ-

238 1506 304 1576 ρας
323 1476 398 1552 τοῦ
416 1478 534 1561 ἔτους.
970 1477 1135 1571 (Aelian.
1155 1479 1241 1556 Var.
1261 1477 1344 1554 hist.
1365 1481 1414 1573 11,
1435 1480 1518 1597 28.)

891 1637 980 1710 487.

347 1785 447 1879 Gffli
466 1782 664 1884 gallinacei
683 1780 977 1881 quotannisfuno
998 1781 1058 1856 die
1077 1780 1226 1881 publice
1245 1780 1285 1856 in
1304 1781 1449 1859 theatro
1470 1793 1623 1859 certent

833 2113 971 2214 Τνῆνα
999 2116 1047 2208 ζ’.

553 2271 758 2375 Ἔορααί
788 2274 1117 2373 Γαμηλιῶνος
1140 2273 1306 2374 μηνός.

861 2455 1021 2470 ΝᾺΜΛΛΜΑΛΛΙ

764 2623 768 2629 -
843 2567 967 2644 Seotio
997 2569 1032 2642 7.

607 2733 755 2807 Festa
782 2755 947 2809 mense
975 2729 1278 2806 Gamelione.

895 2926 983 3001 488.

355 3067 411 3142 To?
432 3065 582 3157 Λήναια
603 3059 737 3171 ἄγεται
753 3065 875 3164 μηνός
897 3070 934 3142 Γ
928 3052 1153 3166 ennianae.
1349 3146 1353 3151 ,

874 3196 1045 3286 (Bekker
1065 3195 1206 3272 Anecd.
1226 3223 1283 3295 gr.
1303 3198 1331 3273 Ι.
1350 3223 1388 3296 p.
1409 3188 1522 3288 235.)
1555 3182 1565 3199 ’

352 3503 504 3578 Lenaea
522 3500 758 3576 celebrantur
776 3526 903 3576 mense
925 3500 1157 3576 Gamelione.

897 3682 983 3755 489.

348 3820 419 3896 Ἐν
446 3833 525 3906 τοῖς
544 3826 727 3911 Ληναίοις
757 3819 1015 3925 ἀγωνίζονται
1047 3825 1197 3911 ποιηταὶ
1229 3819 1515 3924 συγγράφοντές
1546 3847 1628 3896 τινα

248 3943 398 4048 ᾄσματα
417 3948 491 4021 τοῦ
509 3947 745 4051 γιλασθῆναι
763 3945 899 4044 χάριν·
928 3953 988 4023 ἐπὶ
1019 3943 1052 4020 δ’
1073 3939 1233 4043 ἁμαξῶν
1262 3949 1298 4021 oi
1323 3939 1482 4045 ᾄδοντες
1503 3945 1628 4037 καθή-

244 4103 357 4172 μενοι
378 4077 532 4177 λέγουσι’
552 4102 592 4147 νε
610 4077 679 4149 καὶ
699 4065 838 4174 ᾄδουσι
857 4069 903 4148 τά
924 4071 1125 4170 ποιήματα.

793 4200 938 4303 (Schol.
957 4203 997 4277 in
1015 4200 1254 4303 Aristophan.
1275 4202 1398 4302 Equit.
1417 4202 1527 4294 547.)

899 4364 988 4451 489..

355 4508 469 4584 Festo
488 4507 724 4586 Lenaeorum
753 4519 898 4587 certant
921 4518 1054 4610 poetae
1074 4508 1296 4608 conscriptis
1315 4508 1538 4608 quibusdam
1556 4536 1629 4585 oar·

249 4634 410 4709 minibus
430 4632 523 4708 risus
543 4635 730 4710 excitandi
755 4634 885 4733 gratia.
924 4633 1129 4711 Cantantes
1158 4643 1285 4708 autem
1313 4634 1353 4709 in
1382 4634 1554 4711 curribus
1579 4661 1630 4713 se-

251 4757 375 4847 dendo
395 4768 546 4836 cantant
566 4759 627 4835 vel
645 4761 804 4839 recitant
821 4770 1004 4867 poemata.
