3404 5782
683 389 762 444 ,166
779 385 990 445 ΡϋΒῙιΙσῐΙΜ.

254 718 291 799 ‘1
299 720 617 824 ερομνήμονέ
626 756 643 811 ς
670 726 769 798 εἰσιν
788 725 824 798 οἱ
844 720 1080 822 πεμπόμενοι
1105 725 1160 812 εἰς
1186 718 1230 798 τὸ
1260 720 1343 798 τῶν
1367 715 1561 821 Ἀμφικ-

153 849 303 928 τυόνων
339 849 540 952 συνέδριον
558 856 597 941 ἐξ
622 847 779 940 ἑκάστης
807 845 950 936 πόλεως
976 850 1055 926 τῶν
1081 848 1152 926 τοῦ
1190 846 1400 948 συνεδρίου
1438 875 1556 947 μετε-

148 977 319 1071 χουσῶν.
793 1087 890 1162 1281
1122 978 1439 1081 (Harpocratio.)

260 1231 456 1310 Sacrorum
475 1257 657 1308 memores
677 1241 783 1327 sunt,
815 1231 878 1331 qui
897 1230 944 1306 ad
964 1229 1278 1332 Amphictyonum
1297 1230 1512 1308 concilium
1531 1255 1551 1305 ε

153 1357 309 1458 singulis
327 1358 555 1454 civitatibus,
575 1384 670 1459 quae
689 1358 787 1433 illius
807 1357 971 1458 synedrii
990 1358 1191 1460 participes
1210 1366 1307 1455 sunt,
1327 1356 1549 1434 mittuntur.

786 1519 899 1593 1282.

262 1663 307 1737 Oi
327 1658 596 1775 ἱερομνήμονες
616 1658 859 1737 συνθύουσιν
877 1663 929 1746 εἰς
952 1657 998 1734 τὸ
1029 1656 1228 1757 συνέδριον
1255 1656 1336 1735 ιῶν
1358 1656 1544 1759 Ἀμφικ-

152 1784 313 1865 τυόνων.
799 1790 972 1883 (Bahker
990 1786 1115 1865 anecd.
1134 1815 1190 1889 gr.
1211 1790 1238 1867 Ι.
1258 1816 1295 1890 p.
1315 1790 1435 1882 266.)

783 1949 897 2025 1282.

258 2091 452 2169 Sacrorum
476 2117 660 2168 memores
681 2116 757 2167 una
771 2093 981 2167 sacrificant
995 2092 1032 2167 in
1043 2091 1197 2168 concilio
1209 2089 1541 2194 Amphictyonum

790 2256 903 2331 1283.

251 2388 523 2496 Ἱερομνήμων,
545 2388 566 2472 ὁ
587 2392 827 2513 πεμπόμενος
847 2393 1027 2495 σύνεδρος
1045 2398 1099 2481 εἰς
1124 2391 1217 2483 τούς
1238 2389 1541 2494 Ἀμφικτυόνας

148 2513 246 2631 Ιὑπὲρ
266 2522 330 2613 ιής
350 2521 501 2611 πόλεως.
550 2569 552 2573 ⁷
602 2524 746 2619 (Schol.
767 2527 804 2601 in
823 2525 1015 2602 Demosth.
1036 2524 1235 2600 Timocrat.
1256 2525 1346 2622 747,
1368 2527 1431 2623 2.)

789 2689 903 2764 1283.

257 2832 455 2909 Sacrorum
474 2860 615 2911 memor
634 2844 691 2907 est
710 2857 873 2909 assessor
891 2830 938 2906 ad
959 2829 1253 2932 Amphictyonas
1272 2830 1428 2905 nomine
1450 2830 1538 2907 civi-

150 2959 236 3036 tatis
251 2960 400 3035 missus.

765 3065 767 3069 ’
788 3063 901 3141 1284.

260 3201 360 3292 Totis
378 3157 656 3304 ἱερομνήμονας
675 3206 935 3304 ψηφίσασθαι.

788 3330 1000 3429 (Demosth.
1021 3331 1067 3409 de
1088 3358 1235 3410 corona.
1257 3332 1347 3431 277,
1370 3334 1431 3429 9.)

786 3494 901 3571 1284.

255 3636 451 3715 Sacrorum
470 3662 655 3716 memores
674 3636 839 3714 habeant
853 3639 915 3739 jus
935 3638 1113 3738 suffragii.

786 3797 898 3874 1285.

257 3944 303 4018 Ot
315 3936 534 4041 -ιιεμπόμενι
552 3935 823 4039 ἱερομνήμονες
842 3940 896 4024 εἰς
915 3935 1090 4035 Δελφούς
1109 3941 1207 4014 εἰσιν
1225 3941 1439 4020 ἐπίσκοποι
1458 3943 1536 4020 τῶν

148 4063 465 4164 ἀναλισκομένων
482 4072 526 4141 ἐν
544 4073 625 4150 ταῖς
647 4066 811 4149 θυσίαις.

631 4223 632 4227 ’
667 4191 811 4285 (Schol.
831 4193 870 4267 in
890 4191 1128 4296 Aristophan.
1149 4195 1289 4272 Nubes.
1310 4196 1426 4292 623.)

785 4354 898 4431 1285.

254 4501 450 4580 Sacrorum
469 4527 650 4578 memores
669 4500 838 4601 Delphos
868 4501 968 4576 missi
990 4525 1115 4578 curam
1133 4511 1269 4600 gerunt
1287 4515 1480 4581 sumtuum
1497 4507 1534 4580 in

147 4631 327 4706 sacrificia
344 4625 690 4730 impendendorum.
780 4738 881 4812 1286
916 4687 918 4692 ,

254 4879 482 4987 Πυλαγόροι
501 4883 645 4959 εἰσινοὶ
657 4878 894 4982 πεμπόμενοι
913 4876 990 4955 ἀπὸ
1009 4880 1086 4955 τῶν
1105 4878 1251 4957 πόλεων
1269 4883 1323 4967 εἰς
1342 4880 1417 4975 τήν
1431 4881 1531 4985 'Ape

142 5012 384 5105 φικτοονίαν
403 5005 574 5107 ῥήτορες,
604 5003 698 5082 ὥστε
718 5014 800 5083 ἐκεῖ
815 5003 1033 5109 ἀγορεῦσαι.

794 5134 964 5228 (Bekker
982 5138 1109 5216 anecd.
1129 5166 1183 5237 gr.
1205 5139 1232 5217 Ι.
1250 5167 1286 5240 p.
1308 5140 1425 5235 297.)
