3404 5782
696 361 709 407 J
715 359 757 412 US
775 357 995 412 PnlvATUM.

793 547 906 626 1467.

258 693 516 789 Fugitivorum
543 718 736 768 servorum
764 693 876 769 fronti
906 693 1042 790 stigma
1071 693 1295 794 imprimitur
1309 738 1329 787 ,›
1355 691 1398 767 id
1427 704 1494 768 est
1512 695 1563 767 in-

152 819 344 895 scribitur:
376 818 532 916 „oohibe
551 844 631 913 me,
660 816 798 915 fugi0.“

784 981 898 1057 1468.

258 1115 327 1210 Μὴ
347 1119 648 1196 τεκνοποιῶνται
670 1122 705 1195 oi
726 1125 873 1196 οἰκέται
894 1115 988 1197 άνευ
1008 1121 1072 1211 τῆς
1092 1121 1169 1202 τῶν
1197 1127 1358 1219 κυρίων
1388 1119 1560 1224 γνώμης.

799 1251 1042 1352 (Xenophon.
1062 1250 1266 1327 Oeoonom.
1288 1253 1363 1345 IX,
1388 1253 1453 1344 5.)

790 1414 904 1490 1468.

260 1555 315 1630 Ne
336 1555 463 1631 famuli
483 1557 623 1657 absque
642 1583 827 1635 consensu
847 1556 986 1632 domini
1006 1556 1129 1658 proles
1147 1565 1316 1631 meanto.

785 1719 897 1794 1469.

251 1852 532 1954 Ἀποφορά,
564 1849 583 1948 ἦ
605 1863 808 1956 τελουμένη
827 1854 929 1957 παρά
949 1856 1026 1933 τῶν
1044 1855 1197 1932 δούλων
1216 1866 1298 1944 τοῖς
1331 1855 1555 1946 δεσπόταις

1124 1985 1451 2087 (Harpocratio.)

789 2093 902 2170 1469.

214 2184 218 2191 ’
258 2220 393 2297 Pensio
412 2231 468 2294 est
487 2219 684 2312 tn'butum,
713 2219 814 2320 quod
833 2219 930 2296 servi
949 2218 1108 2296 dominis
1126 2219 1289 2296 solvunt.

783 2383 895 2462 1470.

251 2513 392 2599 Ὁπότε
412 2555 466 2611 τις
486 2519 575 2629 ἄγοι
595 2557 681 2602 τινα
700 2519 750 2613 ὦς
771 2525 939 2616 δοῦλον,
969 2522 1096 2600 ἐπειτά
1114 2553 1169 2611 τις
1196 2519 1329 2599 αὐτὸν
1357 2517 1416 2614 ὥς
1446 2525 1549 2603 ἐλεύ-

153 2654 272 2744 θερον
289 2655 488 2748 ἐξαιροῖτο,
509 2655 627 2743 ἔξεστι
647 2652 701 2754 τῷ
720 2649 1028 2751 ἀντιποιουμένῳ
1047 2651 1118 2726 τοῦ
1139 2644 1363 2746 άνθρώπου
1383 2643 1441 2738 ὦς
1458 2650 1547 2728 δοά-

151 2782 222 2850 λου
240 2772 450 2876 λαγχάνειν
476 2783 767 2875 ἐξαιρέσεως
795 2777 911 2868 δίκην
928 2777 984 2876 τῴ
1002 2780 1055 2863 εἰς
1072 2772 1143 2865 τὴν
1160 2779 1404 2873 ἐλευθερίαν
1423 2775 1547 2854 αὐτὸν

151 2905 415 2999 ἓξαιρουμένῳ.
765 2905 1051 3009 (Harpocratioz
1071 2906 1285 2999 ἐξαιρέσεως
1306 2899 1444 2999 δίκη.)

783 3086 895 3163 1470.

258 3222 380 3316 Quum
407 3225 490 3325 quis
517 3228 678 3328 aliquem
705 3242 746 3307 ut
774 3257 924 3308 servum
952 3230 1123 3322 abducit,
1154 3227 1289 3303 deinde
1321 3230 1425 3305 alter
1443 3231 1540 3307 illum

150 3345 310 3422 libertati
331 3353 481 3445 asserit,
502 3352 612 3429 liceat
630 3356 683 3447 ei,
702 3357 763 3455 qui
784 3355 974 3431 hominem
993 3367 1170 3454 tanquam
1190 3378 1344 3428 servum
1365 3353 1444 3431 sibi
1463 3356 1538 3430 vin·

149 3469 262 3565 dieat,
281 3476 464 3553 actionem
482 3478 740 3556 vindicationis
757 3480 951 3555 intendere
976 3479 1050 3573 illi,
1071 3479 1134 3578 qui
1154 3503 1307 3554 servum
1326 3480 1368 3555 in
1391 3482 1536 3558 liberta·

149 3607 224 3679 tem
242 3602 407 3683 asseruit.

787 3713 899 3790 1471.

261 3852 314 3931 To
334 3851 448 3954 ἥμισυ
466 3855 537 3932 τοῦ
557 3855 764 3955 τιμήματος
789 3850 961 3950 ὀφείλειν
988 3852 1042 3953 τῷ
1067 3852 1260 3952 δημοσίῳ,
1291 3846 1335 3942 δς
1366 3849 1423 3931 ἂν
1453 3855 1538 3952 δόξῃ

144 3977 198 4077 μὴ
220 3979 377 4070 δικαίως
396 3986 448 4070 είς
468 3980 537 4073 τὴν
556 3986 780 4084 ἐλευθερίαν
799 3977 1019 4076 ἀφελέσθαι.

787 4111 997 4204 (Demosth.
1018 4137 1049 4186 o.
1069 4108 1267 4185 Theocrin.
1292 4108 1439 4206 1328.)

787 4275 900 4349 1471.

258 4418 458 4498 Semissem
486 4419 752 4498 aestimationis
781 4418 915 4493 debeat
944 4418 1086 4494 aerario
1115 4416 1265 4518 publico
1295 4419 1352 4511 is,
1385 4426 1451 4522 qni
1480 4450 1541 4526 per

151 4545 324 4647 injuriam
343 4572 494 4624 servum
514 4569 677 4623 asserere
696 4545 737 4620 in
755 4542 967 4620 libertatem
986 4542 1164 4618 videatur.

787 4709 900 4783 1472.

254 4848 597 4928 Ἀποστοισίου
624 4849 647 4925 δ
658 4855 742 4943 ίκη
770 4855 825 4939 τίς
852 4856 931 4928 ἐστὶ
958 4847 1061 4925 κατά
1089 4847 1166 4923 τῶν
1191 4844 1542 4951 ἀπελευθερωθέν-

152 5004 229 5052 των
249 4975 429 5075 δεδομένη
447 4987 525 5062 τοῖς
545 4973 921 5078 άπελευθερώσασιν,
949 4973 1019 5052 ἐάν
1038 4972 1278 5070 άφιοτῶνταί
1311 5008 1349 5051 τι
1382 4977 1453 5055 ἀπ’
1474 4978 1541 5056 αύ-

153 5104 230 5184 τῶν
250 5099 272 5199 ii
290 5110 417 5206 ἕτερον
435 5099 716 5208 ἐπιγράφονται
739 5100 965 5202 προστάτην,
985 5107 1053 5177 καὶ
1073 5094 1099 5175 ά
1118 5098 1355 5178 κελεύουσιν
1377 5111 1416 5182 οὶ
1437 5108 1539 5207 νόμοι
