3436 5790
576 421 626 470 na
646 419 820 470 araxases
840 416 1121 470 sennonteus.
1460 395 1538 470 363

158 635 267 695 τινα,
297 610 333 681 εί
360 605 398 682 δὲ
422 605 498 704 μή,
527 606 604 681 τοῖν
633 600 763 683 ἄλλων
793 600 878 679 τινά
909 603 1206 706 σογγενῶν·τὸν
1233 601 1358 682 αὐτὸν
1394 605 1537 706 τρόπον

160 737 240 829 περὶ
263 730 377 824 πάσης
396 732 458 824 τῆς
478 730 612 820 οὐσίας
632 729 957 830 ἐπιδικασάμενον
980 738 1077 821 ἕξειν
1093 728 1215 825 αὐτήν
1234 744 1415 836 γυναῖκα.

875 862 1023 952 (laneus
1042 861 1174 962 Pyrrh.
1195 859 1272 937 her.
1293 858 1326 962 §.
1347 860 1430 953 74.)

794 1020 907 1097 1414.

265 1149 341 1227 Aut
358 1149 578 1250 cognatione
599 1150 852 1250 proximorum
871 1146 1038 1248 quisdam
1059 1145 1174 1224 filiam
1191 1145 1451 1224 hereditariam
1472 1147 1537 1224 ha-

159 1279 246 1353 beat
273 1276 343 1351 sihi
372 1274 602 1375 ajudicibus
632 1273 880 1373 adjudicatam
907 1297 1080 1367 uxorem,
1110 1283 1174 1347 aut
1201 1273 1231 1347 si
1259 1296 1385 1347 eorum
1413 1275 1537 1350 nullus

160 1429 242 1478 eam
262 1401 401 1477 habere
422 1400 532 1492 velit,
553 1400 821 1475 avunculorum
840 1398 971 1497 aliquis
991 1397 1121 1490 ducat,
1150 1398 1208 1472 siu
1233 1397 1459 1497 reliquorum
1477 1424 1536 1473 co·

159 1538 355 1626 gnatorum
376 1528 570 1627 quisquam
597 1526 676 1627 pari
706 1527 816 1603 modo
836 1524 954 1627 petita
968 1523 1007 1599 in
1022 1523 1104 1623 jure
1124 1525 1298 1601 universa
1317 1522 1534 1614 hereditate,

162 1679 243 1729 eam
264 1677 416 1729 uxorem
435 1649 579 1727 habeat.

797 1758 910 1832 1415.

261 1880 534 1957 Ἐπιδικασίοιν
552 1878 648 1955 εἶναι
668 1879 746 1955 τῶν
773 1878 994 1979 ἐπικλήρωνΙ
1015 1870 1195 1968 dcccciv,
1224 1882 1292 1953 καὶ
1322 1884 1440 1969 ξένων
1468 1884 1538 1952 καί

160 2007 408 2100 ιἰστων,.,καί
428 2011 512 2106 περί
527 2010 602 2106 μὲν
618 2006 697 2082 τῶν
715 2007 884 2083 πολιτῶν
900 2001 971 2082 τὸν
989 1998 1162 2105 άρχοντα
1182 2003 1349 2110 εἰσάγειν
1367 2009 1435 2080 καί
1454 2011 1538 2080 ἐπι-

156 2139 370 2233 μελεῖσθαι,
391 2137 473 2231 περί
492 2128 531 2208 δὲ
552 2131 631 2207 τῶν
643 2135 841 2231 μετοίκων
859 2129 930 2207 τὸν
949 2134 1205 2231 πολέμαρχον,
1224 2136 1293 2205 καί
1310 2125 1539 2207 ἀνεπίδικον

156 2254 210 2358 μή
231 2267 370 2353 ἐξεῖναι
390 2261 495 2356 tyara
508 2253 603 2357 μήτε
621 2256 770 2358 κλῆρον
783 2255 877 2356 μήτε
896 2261 1112 2354 ἐπίκληρον.

737 2386 950 2484 (Demosth.
971 2387 1010 2461 in
1029 2383 1206 2488 Stephan.
1226 2386 1274 2480 II,
1298 2384 1431 2477 1135.)

798 2548 910 2623 1415.

265 2675 587 2777 Disceptationem
621 2673 783 2769 (idest,
821 2670 1154 2775 adjudicationem)
1193 2670 1271 2746 fieri
1308 2681 1456 2771 oportet
1492 2672 1537 2747 de

161 2799 307 2875 filiabus
335 2799 564 2876 hereditariis
595 2799 767 2876 omnibus
780 2810 862 2875 tam
882 2798 1026 2875 civibus
1045 2823 1156 2899 quam
1176 2795 1402 2899 peregrinis3
1430 2822 1473 2872 ac
1493 2795 1539 2871 de

161 2925 303 3001 civibus
322 2952 471 3001 causam
490 2924 724 3001 introducere
744 2924 961 3002 archontem
981 2922 1246 3026 (eponymum)
1266 2932 1303 2997 et
1320 2947 1471 3014 curare,
1490 2919 1536 2997 de

159 3049 349 3148 inquilinis
369 3061 492 3126 autem
511 3051 810 3152 polemarchum3
838 3077 882 3127 ac
901 3051 979 3126 sine
1000 3048 1266 3152 disceptatione
1285 3071 1333 3124 ne
1352 3047 1461 3124 liceat
1479 3045 1540 3122 vel

160 3173 401 3251 hereditatem
420 3175 558 3252 habere
578 3175 637 3252 vel
656 3178 770 3253 filiam
788 3175 1061 3253 hereditariam.

798 3335 912 3411 1416.

261 3471 360 3550 Ἐάν
379 3473 414 3549 δ’
433 3473 771 3576 ἐπιδεδικασμένου
798 3474 1023 3576 ἀμφισβητῇ
1048 3476 1122 3580 τοῦ
1147 3476 1291 3577 κλήρου
1321 3472 1343 3570 ii
1372 3476 1436 3569 τής
1454 3486 1538 3555 ἐπι-

163 3599 330 3701 κλήρου,
360 3598 745 3700 προσκαλείσθωιτὸν
764 3600 1105 3702 ἐπιδεδικασμένον
1132 3601 1222 3704 πρὸς
1250 3599 1322 3679 τὸν
1350 3597 1537 3702 άρχοντα,

161 3723 341 3825 καθάπερ
360 3733 420 3804 ἐπὶ
439 3725 517 3804 τῶν
536 3721 665 3805 ἄλλων
684 3727 825 3804 δικῶν·
846 3727 1171 3831 παρακαταβολάς
1190 3728 1224 3805 δ’
1243 3727 1405 3831 εἶναιτῷ
1417 3728 1539 3831 ἀμφι-

161 3851 376 3949 σβητοῦντι.
409 3848 507 3928 Ἐάν
544 3852 581 3928 δὲ
614 3849 669 3951 μή
705 3852 1059 3953 προσκαλεσάμενος
1094 3853 1380 3947 ἐπιδικάσηται,
1409 3854 1540 3950 άτελής

160 3980 264 4052 ἔσται
284 3971 305 4068 ή
327 3977 546 4055 ἐπιδικασία
564 3978 634 4056 τοῦ
658 3976 815 4077 κλήρου.
840 3977 939 4058 Ἐάν
965 3979 1005 4058 δὲ
1030 3977 1084 4080 μή
1116 3979 1160 4079 ζῇ
1181 3973 1202 4057 ὅ
1222 3979 1540 4083 ἐπιδικασάμενος

160 4103 230 4180 τοῦ
250 4103 420 4202 κλήρου,
449 4109 743 4204 προσκαλείσθω
765 4103 868 4183 κατά
896 4104 1019 4184 ταύτά
1031 4164 1042 4199 ,
1070 4097 1103 4208 ᾦ
1132 4100 1154 4200 ή
1185 4113 1404 4208 προθεσμία
1426 4109 1539 4209 μήπω

159 4228 303 4321 ἐξήκει·
331 4228 403 4323 τήν
422 4230 455 4307 δ’
476 4228 758 4332 ἀμφισβήτησιν
776 4229 874 4310 εἶναι
903 4235 957 4335 τιή
987 4237 1139 4332 ἔχοντι,
1169 4241 1267 4311 καθ’
1296 4230 1319 4310 ὅ
1347 4266 1383 4310 τι
1412 4236 1538 4315 ἐπεδι-

159 4355 308 4432 κάσατο
319 4415 331 4449 ,
362 4347 410 4433 οὗ
431 4352 482 4434 ἂν
502 4360 571 4456 ihm
590 4356 636 4434 τά
651 4355 862 4469 χρήματα,

622 4487 834 4608 (Demosth.
855 4489 939 4567 adv.
959 4489 1113 4569 Macart.
1137 4491 1431 4586 1054-1055.)

795 4647 907 4726 1416.

265 4790 331 4866 Sin
350 4803 475 4869 autem
494 4794 575 4892 quis
594 4792 696 4869 litem
720 4793 892 4871 intendat
909 4793 1040 4893 alicui,
1070 4796 1133 4895 qui
1153 4794 1401 4898 adjudicatam
1418 4799 1535 4901 impe·

159 4917 272 4992 travit
290 4916 532 4994 hereditatem
551 4918 612 4994 vel
632 4918 746 4995 filiam
774 4919 1056 5017 hereditariam,
1085 4923 1197 5000 citato
1217 4948 1321 5018 eum,
1351 4924 1412 5024 qui
1432 4922 1536 5024 adju·

159 5041 316 5118 dicatam
337 5053 457 5137 tenet,
485 5043 531 5118 ad
551 5043 787 5140 archontem,
807 5047 1119 5147 quemadmodum
1139 5052 1181 5125 fit
1198 5050 1237 5124 in
1255 5049 1387 5125 ceteris
1405 5050 1535 5125 causis.

160 5166 407 5272 Stipulatione
433 5180 557 5247 autem
585 5182 757 5250 teneatur
781 5174 930 5279 petitor.
968 5170 1034 5257 Sin
1063 5174 1141 5257 siue
1172 5175 1343 5256 citatione
1366 5174 1533 5282 petierit,
