3436 5790
611 391 727 444 nnana
747 387 1065 441 scraornoaronn.
1442 364 1518 441 125
1619 409 1622 412 -

781 579 869 656 518.

238 705 421 784 Bendidia
438 707 478 783 in
497 708 631 786 Piraeo
650 710 832 808 vigesimo
848 707 908 782 die
927 706 1192 805 Thargelionia
1212 706 1457 783 celebrentur.

784 865 871 941 519.

238 1003 360 1103 Δρῶσι
379 1003 425 1081 τοὶ
446 1006 670 1107 Πλυντήρια
688 1007 737 1105 τῇ
762 1005 842 1107 θεῷ
864 1004 1144 1110 Πραξιεργίδαι
1168 1006 1430 1112 Θαργηλιῶνος
1449 1014 1517 1086 ῖκ-

128 1158 175 1225 τῃ
195 1135 413 1223 φθίνοντος
442 1130 634 1237 ἀπόρρητα
665 1131 739 1209 τόν
765 1165 804 1208 τε
833 1127 987 1231 κόσμον
1014 1128 1249 1220 καθελόντες
1278 1139 1346 1208 καῖ
1371 1130 1416 1210 τό
1435 1133 1518 1224 ἕδος

128 1258 494 1359 κατακαλύψαντες.
592 1369 595 1392 Ι
782 1369 859 1444 519
959 1261 1166 1354 (Plutarch.
1187 1261 1307 1340 Aleib.
1327 1265 1410 1357 34.)

238 1510 352 1589 Saura
372 1511 564 1612 Plynteria
582 1506 815 1616 freraguntur
833 1512 873 1588 in
891 1510 1074 1588 honorem
1094 1511 1285 1591 Minervae
1304 1504 1327 1590 a
1346 1516 1514 1592 Praxier-

128 1635 225 1735 gidis
244 1637 384 1714 mensis
402 1629 665 1741 'Phargelionis
683 1638 885 1714 desinentis
908 1639 968 1713 die
988 1651 1114 1734 sexto,
1145 1639 1339 1739 omnisque
1359 1653 1438 1716 tum
1456 1666 1514 1716 or·

130 1774 238 1837 natus
258 1761 351 1839 deae
371 1763 578 1840 detrahitur
596 1776 633 1841 et
651 1764 848 1841 delubrum
868 1765 1043 1866 operitur.

709 2048 943 2149 Τμῆμαιβ’.

397 2182 643 2290 Ἕορταῖ
689 2189 1233 2291 Σκιροφοριῶνος.

716 2443 839 2521 Sentio
873 2447 930 2520 12.

527 2588 678 2664 Festa
706 2586 1112 2689 Scirophorione.

780 2766 867 2841 520.

233 2909 365 3003 Σκῖρα
385 2904 493 3004 ἑορτή
513 2913 589 2982 ἐστι
611 2904 674 2998 τῆς
685 2902 881 3003 Σκιράδος
899 2875 1075 2997 Ἀθηνᾶς
1093 2907 1414 3005 Σκιροφοριῶνος
1435 2907 1510 2983 δω-

128 3026 280 3126 δεκάτῃ.
522 3046 524 3050 ’
678 3033 821 3147 (Schol.
842 3034 880 3111 in
900 3032 1140 3135 Aristophan.
1161 3036 1302 3112 Eeeles
1325 3037 1405 3130 18.)

774 3197 862 3272 520.

233 3318 338 3397 Seira
356 3319 493 3398 festum
512 3334 569 3399 est
588 3319 748 3398 Seiradis
767 3320 958 3399 Minervae
979 3317 1196 3397 duodecimo
1220 3324 1359 3399 mensis
1389 3318 1511 3400 Sciro-

127 3443 331 3545 phorionis.

773 3555 860 3630 521.

234 3689 290 3767 Τὸ
308 3696 448 3793 σκῖρον
466 3691 644 3771 σκιάδιόν
664 3701 740 3770 ἐστι
755 3700 877 3798 μέγα,
906 3685 980 3790 ὑφ’
1001 3681 1032 3793 ᾧ
1053 3702 1254 3794 φερομένῳ
1273 3700 1313 3786 ἐξ
1334 3693 1509 3796 ἀκροπό-

126 3820 216 3905 λεως
234 3822 286 3906 εἰς
308 3816 380 3895 τὸν
405 3816 528 3896 τόπον
554 3819 626 3897 τὸν
652 3816 904 3920 καλούμενον
922 3824 1076 3920 Σκῖρον
1095 3818 1324 3921 πορεύονται
1346 3818 1369 3912 ἥ
1387 3851 1427 3896 τε
1445 3820 1509 3913 τῆς

135 3945 294 4034 Αθηνᾶς
322 3947 435 4045 ἱέρεια
463 3953 532 4021 καῖ
562 3940 583 4022 δ
615 3947 685 4023 τοῦ
715 3936 961 4033 Ποσειδῶνος
990 3943 1109 4046 ῖερεύς
1128 3951 1196 4021 καῖ
1216 3937 1238 4024 δ
1258 3946 1329 4022 τοῦ
1353 3939 1508 4026 ‘Halon

126 4076 338 4167 Κομῖζουσι
360 4069 398 4147 δὲ
417 4072 535 4149 τοῦτο
558 4070 872 4172 Ἐτεοβουτάδαι.
909 4069 1125 4172 Σύμβολον
1149 4073 1187 4149 δὲ
1217 4074 1333 4149 τοῦτο
1361 4078 1508 4178 γίνεται

126 4196 197 4272 τοῦ
225 4195 306 4272 δεῖν
334 4195 561 4294 οἰκοδομεῖν
588 4204 659 4273 καῖ
678 4205 819 4286 σκέπας
837 4209 984 4287 ποιεῖν,
1013 4191 1065 4284 οἷς
1092 4196 1235 4274 τούτου
1262 4199 1334 4275 τοῦ
1357 4199 1508 4300 χρόνον

125 4318 283 4420 ἀρίστου
301 4319 416 4412 ὄντος
434 4320 526 4424 πρὸς
544 4322 793 4425 οῖκοδομὶαν.
907 4327 1195 4428 (Harpocratiot
1214 4328 1401 4426 Σκῖρον.)

772 4485 859 4564 521.

229 4629 356 4710 Seirus
375 4643 432 4710 est
448 4657 587 4734 magna
605 4629 788 4731 umbella,
806 4634 880 4712 ‚sub
901 4660 975 4736 qua
993 4659 1041 4713 ex
1059 4659 1143 4712 aree
1163 4633 1203 4712 in
1221 4635 1342 4712 locum
1362 4631 1507 4712 Scirum
1541 4632 1554 4656 ‘

125 4757 262 4833 dietum
289 4768 439 4860 portata
465 4760 643 4853 incedunt
661 4758 852 4839 Minervae
872 4759 1079 4839 sacrificale
1098 4770 1135 4836 et
1151 4754 1316 4863 Neptuni
1336 4760 1506 4862 Solisque

124 4882 306 4959 sacerdos.
344 4882 501 4962 Portant
520 4897 644 4963 autem
664 4884 761 4964 hane
780 4883 1048 4962 Eteobutadae.
1086 4885 1143 4961 Ea
1171 4912 1261 4962 vero
1288 4914 1347 4962 res
1366 4886 1505 4987 signifi·

124 5019 183 5084 cat
211 5008 340 5087 domos
369 5020 406 5085 et
434 5020 532 5088 tecta
560 5010 785 5090 exstruenda
823 5037 922 5109 esse,
962 5022 1129 5116 tempore
1158 5010 1229 5088 hee
1257 5006 1505 5090 aedificationi
1640 5030 1644 5039 ’

123 5134 280 5212 maxime
300 5137 531 5239 opportune,¹
1003 5141 1008 5152 '
1145 5148 1146 5151 ’
