3436 5790
225 351 304 429 464
564 375 874 439 commutaremus
892 375 944 426 33
966 372 1110 429 333313.
1130 372 1193 426 aar.
1213 372 1276 426 sea

225 571 448 649 catoriorum
475 594 551 644 non
579 568 744 667 co'e'gerit
772 567 978 643 vendentes
1007 567 1064 644 his
1093 568 1276 645 mensuris
1314 577 1352 644 31
1382 564 1616 669 ponderibus

224 697 294 793 uti,
324 697 446 772 solvat
464 693 562 771 mille
582 693 794 789 drachmas,
815 692 942 770 Cereri
962 704 1000 769 et
1018 694 1267 796 Proserpinae
1287 718 1423 770 sacras.
1451 691 1613 770 Senatus

225 846 315 929 vero
352 830 608 897 sexcentorum
638 845 765 895 curam
790 832 900 918 gerat
935 846 982 895 ne
1021 821 1103 919 quis
1141 820 1218 896 sive
1255 818 1499 895 vendentium
1536 819 1613 895 sire

226 945 426 1022 ementium
445 971 621 1036 mensura
638 973 717 1022 non
737 945 898 1048 probata
916 938 1169 1041 (ἀσυμβλήτῳ
1184 946 1332 1042 μέτρῳ)
1352 955 1489 1022 utatur.

334 1071 598 1164 (Boeckhii
627 1070 766 1174 Corp.
795 1070 1023 1172 inscript.
1052 1096 1118 1170 gr.
1148 1072 1213 1147 Nr.
1236 1071 1347 1164 123.)

761 1389 764 1395 ,
812 1281 887 1365 33
916 1282 1022 1365 are.

332 1449 532 1528 Curatores
560 1448 750 1524 navalium
779 1460 959 1525 vocantur
988 1450 1097 1525 etiam
1127 1437 1308 1547 ἄρξαντες
1337 1451 1380 1521 ἐν
1409 1454 1488 1532 τοῖς
1520 1475 1612 1521 νεω-

223 1576 328 1670 ρίοις.
357 1573 542 1671 (Boeckh.
564 1572 738 1651 Urkund.
755 1572 851 1651 iiber
871 1574 905 1651 d.
927 1573 1137 1670 Seewesen,
1156 1603 1193 1677 p.
1214 1576 1304 1674 378,
1326 1574 1435 1666 125.)

329 1717 469 1796 Lexica
487 1717 639 1816 Seguer.
661 1745 695 1818 p.
717 1717 814 1792 303:
844 1713 1122 1806 Σκευοθῆκαι·
1151 1713 1267 1802 τόπος
1296 1709 1398 1790 ὅπου
1425 1711 1473 1789 roi
1494 1712 1612 1807 σκεύη

223 1837 431 1918 ἀπετίθετο
461 1840 538 1916 τῶν
568 1838 761 1935 δημοσίων
789 1837 970 1940 τριήρων,
1000 1830 1057 1916 ὦν
1085 1840 1340 1943 ἐπεμελοῦντο
1362 1842 1399 1916 οἱ
1417 1840 1497 1916 τόν
1516 1870 1613 1916 νεω-

224 1972 319 2068 ρίων
347 1960 541 2066 ἄρχοντες.
581 1967 921 2062 (Armamentariaz
947 1968 1049 2046 locus
1080 1968 1142 2046 ubi
1172 1970 1419 2046 instrumenta
1446 1970 1612 2070 publica·

223 2123 306 2173 rum
325 2096 529 2173 triremium
548 2095 846 2197 reponebantur,
877 2121 1034 2196 quorum
1062 2122 1190 2174 curam
1216 2095 1407 2173 habebant
1425 2096 1614 2173 navalium

222 2222 493 2322 magistratus.)

331 2348 390 2425 01.
410 2345 534 2424 Schol.
555 2347 593 2422 in
612 2346 804 2423 Demosth.
825 2344 980 2424 Androt.
1005 2348 1094 2443 612,
1115 2347 1176 2422 21.

330 2492 463 2570 Suidas
491 2521 519 2570 s.
541 2521 575 2567 v.
607 2483 753 2598 Νεόρια
783 2502 820 2565 31
840 2484 1061 2566 recinemus:
1091 2492 1153 2569 Sic
1172 2491 1245 2568 dici
1265 2491 1411 2567 videtur
1431 2503 1533 2567 totus
1552 2488 1610 2567 ille

222 2621 345 2716 locus,
375 2621 415 2695 in
434 2646 546 2720 quem
564 2617 734 2695 triremes
753 2616 1031 2713 subducuntur,
1062 2630 1098 2694 et
1118 2645 1143 2694 e
1157 2644 1230 2719 quo
1256 2616 1409 2694 eaedem
1429 2645 1557 2694 rursus
1576 2619 1612 2694 in

223 2772 323 2822 mare
344 2744 595 2839 deducuntur,
624 2753 666 2818 ut
685 2743 880 2843 Lycurgus
901 2752 938 2816 et
960 2741 1172 2819 Andocides
1192 2742 1361 2818 innuunt.

814 2953 889 3036 Ad
918 2953 1024 3035 313.

332 3120 390 3201 Ab
409 3119 482 3197 illis
501 3119 696 3218 exigebat,
726 3118 789 3220 qui
809 3118 1037 3220 reipublicae
1056 3119 1256 3197 debebant.

809 3330 884 3413 Ad
917 3332 1023 3415 ³21.

331 3498 547 3575 Vocabatur
576 3499 689 3575 etiam
717 3500 856 3597 ταμίας
883 3496 1191 3597 τριηροποιϊκῶν.
1231 3498 1309 3593 (01.
1341 3499 1508 3578 ΒοεοΙεΙι.
1539 3499 1610 3577 Ur-

225 3623 339 3699 kund.
360 3623 451 3700 ‘uber
471 3625 505 3699 d.
526 3624 737 3723 Seewesen,
757 3655 793 3728 p.
814 3626 898 3718 60.)

672 3882 678 3895 ·
812 3837 1025 3922 113333.

332 3996 457 4074 Schol.
476 3997 515 4072 in
535 3997 704 4079 Aeschin.
724 4003 769 4081 de
792 4004 877 4081 mal.
905 4015 1001 4104 gest.
1029 4004 1100 4102 leg.
1124 4004 1200 4078 177
1211 4033 1219 4080 :
1243 3998 1495 4091 Ἀποστολεῖς
1515 4064 1521 4079 .
1544 4061 1552 4082 .
1575 4065 1581 4078 .
1604 4064 1611 4082 .

224 4116 322 4217 ἀρχὴ
345 4113 391 4210 ἦν
410 4125 471 4195 ἐπὶ
491 4116 534 4196 τό
554 4127 718 4228 ἐπείγειν
736 4124 810 4203 τόν
827 4125 970 4205 στόλον
998 4133 1139 4224 ταχέως
1168 4128 1375 4204 ἐκπλεῦσαι
1394 4134 1610 4233 τεταγμένη.

226 4247 465 4341 (Navarchae
486 4262 592 4327 erant
610 4255 868 4355 magistratus,
893 4257 940 4332 ad
959 4256 1166 4357 urgendum
1184 4257 1366 4351 classem,
1383 4267 1426 4332 ut
1445 4257 1614 4335 celeriter

225 4399 245 4446 e
265 4383 375 4474 portu
395 4377 588 4470 solveret.)
618 4379 674 4456 01.
695 4379 819 4462 Schol.
838 4383 878 4457 in
897 4383 1090 4459 Demosth.
1111 4382 1157 4459 de
1176 4381 1336 4479 Corona,
1358 4384 1448 4479 262,
1471 4385 1541 4478 18;
1563 4424 1611 4436 --

225 4496 374 4575 Suidam
393 4527 421 4576 3.
443 4529 477 4577 v.
498 4495 734 4592 ἀποστολαὶ,
765 4518 802 4582 31
821 4507 1011 4584 Pollucem
1031 4508 1134 4601 VIII,
1155 4508 1216 4584 99.
1523 4597 1528 4608 ,

330 4626 508 4706 Boeclrh.:
538 4629 710 4710 Urkund.
738 4632 833 4711 uber
861 4632 896 4709 d.
926 4634 1135 4728 Seewesen,
1164 4661 1201 4735 p.
1221 4633 1311 4730 466,
1331 4634 1403 4710 20:
1426 4624 1610 4709 Ἓλέοθαι

225 4740 454 4839 ἀποστολέας
473 4750 546 4827 τόν
565 4750 690 4850 δῆμον
710 4752 804 4830 δέκα
824 4747 967 4853 ἀνδρας
986 4762 1025 4847 ἐξ
1049 4751 1281 4847 Ἀθηναίων
1297 4748 1495 4849 ἀπάντων,
1520 4756 1613 4846 τούς

225 4869 262 4946 δὲ
283 4878 503 4973 αἱρεθέντας
522 4884 785 4977 ἐπιμελεῖσθαι
815 4879 884 4956 τοῦ
915 4877 1145 4961 ἀποστόλου.
1185 4887 1373 4988 (Populus
1403 4888 1520 4984 eligat
1548 4912 1613 4964 na-
1681 4982 1685 4987 .

226 5006 397 5099 rar-chus,
429 5005 557 5080 decem
587 5007 685 5084 viros
711 5036 756 5086 ex
778 5011 951 5086 omnibus
971 5009 1282 5106 Atheniensibus,
1312 5011 1421 5088 electi
1440 5038 1532 5089 vero
1551 5040 1610 5088 cu·

223 5148 302 5199 rum
324 5129 486 5205 habeant
505 5133 752 5232 expeditionis
771 5137 1011 5228 maritimae.)
