3436 5790
603 462 604 465 Ἴ
725 402 938 456 tunicam.

733 585 865 664 Ἀρθρον
882 585 927 644 α’.

688 693 760 753 Ἕν
780 693 798 750 δ
816 717 829 752 ε
848 719 859 752 ι
879 700 895 761 ξ
913 720 925 753 ι
944 719 965 764 ς.

803 824 854 842 'W‘

734 896 920 950 Articulust.

688 1004 971 1057 indicatio.

789 1150 878 1226 784.

232 1267 422 1364 ’Ἑνδειξίς
441 1279 516 1347 εὀτι
538 1270 629 1371 πρὸς
648 1269 719 1348 τὸν
745 1265 919 1370 ἄρχοντα
947 1261 1266 1378 ὁμολογουμένου
1285 1269 1523 1371 ἀδικήματος

135 1395 317 1498 μήνυσις,
347 1393 394 1472 οὐ
415 1401 596 1496 κρίσεως,
626 1393 724 1472 ἀλλὰ
753 1401 934 1497 τιμωρίας
966 1396 1161 1497 δεομένου.
1192 1391 1245 1474 ‘0
1264 1396 1302 1474 δὲ
1322 1396 1526 1510 ἐνδεικνύ·

135 1553 249 1624 μενος
272 1530 315 1600 ἐν
343 1528 591 1629 γραμματείῳ
620 1522 712 1624 πρὸς
740 1517 1020 1623 τὸνοίρχοντα
1039 1520 1110 1614 τὴν
1130 1522 1292 1616 ἔνδειξιν
1320 1517 1524 1625 ἀποφέρει,

138 1654 200 1727 ίνα
230 1642 496 1747 δπεύδυνοςῇ
522 1647 587 1739 τῆς
606 1647 777 1750 ψευδοῦς
804 1647 1023 1741 ἐνδιίξεως·
1051 1654 1121 1724 καί
1150 1644 1247 1742 αὕτη
1272 1654 1346 1750 μὲν
1375 1655 1523 1756 γίνεται

138 1783 218 1876 περὶ
237 1779 317 1854 τῶν
334 1771 382 1852 οὐ
403 1772 613 1877 παρόντων.
732 1847 740 1856 ,
784 1885 862 1962 784
1028 1778 1192 1901 (Polluit¹
1206 1779 1310 1877 VIII,
1331 1782 1416 1880 49.)

242 2012 426 2094 Indieatio
455 2020 513 2088 est
540 2009 706 2087 criminis
735 2012 898 2089 confessi
931 2012 1114 2089 revelatio
1151 2011 1253 2116 apud
1291 1991 1525 2109 archcnteni,

139 2165 212 2215 non
234 2138 377 2240 judicio
390 2179 405 2233 ,·
428 2126 494 2213 sed
522 2128 680 2212 mulctae
709 2136 923 2236 indigentis.
965 2138 1150 2214 dudicans
1179 2148 1307 2214 autem
1331 2120 1369 2212 iu
1398 2134 1527 2214 tabula

137 2264 399 2342 indicationem
418 2265 465 2342 ad
485 2265 745 2362 magistratum
763 2265 902 2357 defert,
933 2277 974 2340 ut
1002 2263 1208 2366 periculum
1238 2266 1355 2343 falsae
1384 2266 1526 2343 indica·

138 2392 245 2467 tionis
264 2392 303 2468 in
322 2416 362 2467 se
383 2391 548 2492 recipiat.
587 2391 636 2466 Et
655 2389 753 2467 haec
767 2393 810 2476 fit
828 2389 874 2466 de
894 2389 1138 2478 absentibus.-

789 2549 878 2627 ⁷85.
988 2542 993 2554 ⁶

237 2671 334 2750 Ἐάν
360 2707 416 2765 τις
444 2671 579 2774 ίίτιμος
600 2670 659 2752 aiv
688 2671 711 2767 d
739 2671 927 2770 ὠφληκώς
945 2677 1001 2776 τρῖ
1021 2675 1193 2778 δημοσίῳ
1211 2687 1282 2755 καί
1297 2679 1352 2782 μή
1372 2687 1521 2758 ἔκτοτε·-

140 2796 215 2886 κώς
233 2793 369 2899 ἆρχε-ιν
388 2798 409 2893 ἢ
429 2800 603 2895 δικάζειν
622 2805 841 2899 ἐπιχειροίη,
860 2803 1005 2909 τοῦτον
1029 2802 1365 2884 ἐνδείκνυσιν
1384 2801 1406 2884 δ
1426 2811 1526 2908 βου-

139 2925 296 3023 λόμενος
314 2927 393 3003 τῶν
413 2927 601 3006 πολιτῶν·
622 2920 765 3025 δμοίως
784 2935 852 3005 καί
872 2927 944 3005 τὸν
963 2927 1292 3030 ἀντιποιοιίιιενον
1310 2933 1483 3033 πράξεων
1504 2928 1527 3024 ἢ

140 3048 267 3127 τόπων
286 3048 607 3157 ἀπηγορευμένων
626 3064 706 3141 τοῖς
728 3052 875 3151 νόμοις,
897 3050 984 3135 οἷον
1002 3052 1074 3131 τὸν
1093 3049 1326 3158 ἡταιρηκότα
1345 3059 1411 3152 τῆς
1428 3056 1527 3165 οἰγο-

140 3176 204 3274 ρᾶς
222 3182 290 3252 καί
308 3177 379 3253 τοῦ
401 3184 524 3282 λέγειν
544 3185 586 3256 ἐν
604 3179 661 3279 τῷ
680 3177 806 3278 δήμῳ·
836 3181 891 3254 ἔτι
913 3177 985 3256 τὸν
1004 3181 1137 3268 κακῶς
1166 3187 1327 3289 λέγοντα
1353 3184 1446 3275 τούς
1463 3217 1527 3267 ,τεά

141 3302 410 3395 τελευτηκότας
431 3301 598 3392 ἀδίκως·
629 3307 754 3379 ἔπειτα
783 3315 863 3391 τοῖς
891 3297 1028 3381 ἁλοῦσι
1057 3306 1207 3384 τούτων
1233 3308 1338 3399 τινὸς
1365 3311 1528 3410 τιμαῖσιν

142 3432 176 3504 oi
195 3428 396 3520 δικασταί,
425 3434 463 3505 τί
476 3427 554 3530 χρη
576 3437 721 3506 παθεῖν
740 3426 765 3521 ἢ
783 3427 973 3510 ἀποτῖσαι.
1035 3434 1209 3527 (Suidas2
1230 3434 1419 3534 ἔνδειξις.)

788 3597 877 3672 785.

245 3722 285 3800 Si
303 3723 385 3824 quis
403 3723 556 3801 infamia
574 3733 723 3799 notatus
752 3736 817 3800 aut
845 3723 1043 3825 pecuniam
1071 3725 1215 3803 aerario
1244 3723 1386 3804 debens
1405 3753 1527 3830 neque

141 3851 358 3951 persolvens
387 3851 647 3949 magistratum
676 3851 918 3952 capessiverit
947 3850 1007 3927 vel
1030 3852 1093 3953 jus
1118 3852 1272 3950 dixerit,
1303 3881 1388 3930 eum
1406 3855 1527 3954 quivis

140 3976 275 4052 civium
294 4002 468 4053 accusare
488 3988 631 4077 potest;
661 3976 751 4051 item
769 3976 895 4072 illum,
925 3978 988 4076 qui
1016 3976 1225 4054 actionibus
1254 3991 1291 4054 et
1320 3980 1412 4056 locis
1441 3980 1525 4080 lege

140 4101 343 4179 interdictis
363 4129 440 4178 non
460 4101 699 4178 abstinuerit:
729 4099 831 4177 velut
857 4102 888 4178 si
912 4102 1123 4202 impudicus
1143 4103 1300 4179 comitiis
1319 4105 1528 4183 interfuerit

140 4229 230 4303 etin
250 4230 429 4304 concione
448 4227 579 4328 populi
608 4228 725 4302 verba
754 4227 904 4323 fecerit3
932 4239 1128 4328 praeterea
1147 4254 1252 4322 eum,
1281 4229 1344 4329 qui
1363 4228 1408 4306 de
1427 4258 1525 4307 mor·

139 4355 209 4428 tuis
228 4354 328 4429 mala
347 4352 419 4428 fide
440 4351 652 4428 detraxerit.
691 4351 837 4428 Deinde
863 4351 975 4452 siqui
1003 4351 1134 4428 horum
1155 4353 1348 4428 criminum
1369 4356 1526 4457 alicujus

139 4479 296 4553 convicti
317 4479 476 4572 fuerint,
500 4478 645 4579 judices
665 4479 816 4583 modurn
835 4505 979 4580 poenae
1000 4480 1060 4554 vel
1080 4480 1239 4556 nudatae
1260 4492 1434 4560 statuant.

790 4639 879 4713 786.

245 4758 354 4838 Κατά
373 4792 412 4836 τε
432 4760 508 4837 τῶν
535 4757 771 4856 ὀφειλόντων
790 4760 844 4861 τῷ
866 4759 1037 4861 δηιιοοίιρ
1057 4760 1123 4851 τὰς
1142 4762 1318 4856 ἐνδείξας
1336 4763 1407 4842 τὸν
1424 4768 1526 4865 stov·-

138 4884 304 4987 λὸμενον
329 4894 524 4963 ποιεῖσθαι
538 4888 631 4964 τῶν
658 4888 847 4977 πολιτῶν,
877 4893 945 4962 καί
975 4885 1043 4964 ἐάν
1067 4920 1122 4976 τις
1142 4886 1281 4988 ὀφείλῃ
1300 4891 1348 4988 τῇ
1370 4889 1545 4991 Ἀθηνᾷ.

139 5008 163 5104 ἢ
180 5013 257 5091 τῶν
275 5008 403 5090 ἄλλων
425 5016 527 5093 θεῶν
548 5012 572 5108 ἢ
590 5018 666 5093 τῶν
681 5014 921 5114 Ἐπωνῦμιον
939 5020 1027 5092 τινί,

279 5144 282 5149 ’
319 5146 322 5151 ’
375 5145 379 5151 ’
778 5146 991 5242 (Demosth.
1010 5173 1040 5225 c.
1062 5149 1261 5228 Theocrin.
1284 5149 1418 5245 1326.)

1271 5274 1312 5340 13
