3436 5790
581 405 890 458 counrsrsarus
911 407 963 460 su
983 404 1063 463 saro.
1085 405 1165 460 sere.
1483 387 1561 462 605

281 594 355 672 Sed
374 596 458 694 lege
478 596 582 672 Julia
601 594 743 671 nullum
764 594 966 676 divortium
984 610 1108 676 ratum
1127 610 1202 695 est,
1228 601 1260 676 si
1279 600 1476 701 repudium
1495 626 1565 702 per

174 720 389 797 libertinum
407 722 560 798 missurn
578 749 653 798 non
675 733 731 797 cst
750 734 892 824 septem
913 725 1059 801 civibus
1076 726 1256 801 Romanis
1274 726 1480 828 puberibus
1499 726 1562 802 sd·

172 846 299 923 bibitis
327 860 474 949 praeter
502 848 676 925 libertum
695 848 794 949 ejus,
824 850 887 949 qui
906 849 1107 928 divortium
1130 853 1227 930 fucit.
1256 852 1478 955 (Ulpian.
1509 853 1563 929 fr.

172 998 243 1048 un.
273 972 355 1050 fin.
384 973 509 1051 unde
538 976 611 1050 vir
639 985 684 1051 et
712 1001 843 1052 uxor.
868 1019 915 1029 —
937 975 1051 1079 Gaji
1079 978 1132 1056 lr.
1162 977 1224 1056 43.
1255 977 1322 1056 ad
1351 980 1442 1078 leg.
1468 977 1564 1054 Jul.

172 1094 227 1172 de
258 1094 428 1191 adult)
751 1203 828 1287 Ad
849 1207 980 1289 ¹³⁷⁰

280 1369 426 1446 Odeum
445 1370 545 1448 intus
565 1372 694 1448 multis
712 1371 890 1449 sedilibus
914 1400 958 1450 ao
985 1374 1170 1450 columnis
1196 1375 1434 1465 distinctum,
1465 1382 1564 1450 tecto

169 1505 294 1572 0033333
323 1496 458 1572 declivi
487 1507 524 1572 33
551 1523 627 1572 uno
656 1495 805 1594 fastigio
833 1498 961 1574 clauso
989 1509 1224 1589 contentum,
1256 1511 1335 1575 erut
1363 1498 1507 1596 effigies
1527 1509 1564 1573 33

170 1623 381 1723 exemplum
409 1623 504 1721 regii
531 1621 782 1712 tabernaculi,
810 1621 997 1698 aPericle
1026 1622 1237 1716 conditum,
1268 1623 1307 1701 in
1325 1648 1400 1724 quo
1419 1623 1562 1698 musica

169 1748 374 1823 certamina
392 1748 667 1850 spectabantur.
698 1747 971 1840 (Plutarch.
991 1749 1170 1826 Pericl.
1192 1748 1277 1844 13.)

275 1873 320 1951 133
340 1873 447 1951 Odeo
476 1873 587 1948 etiam
615 1871 755 1948 archon
778 1872 840 1973 jus
869 1871 1029 1949 dicebat.
1060 1871 1260 1966 (Suidas
1279 1901 1307 1949 s.
1329 1901 1363 1949 v.
1386 1864 1561 1969 ᾠδεῖον.)

276 1998 411 2076 Pollux
429 1996 535 2092 VIII,
556 1996 626 2072 33:
656 1990 735 2081 Τὰς
754 1999 814 2070 ἐπὶ
833 1994 890 2094 τῷ
908 1997 1003 2094 σίτῳ
1023 1992 1136 2082 δίκας
1155 2001 1196 2073 ἐν
1218 1991 1344 2095 ᾠδείῳ
1364 1991 1558 2087 ἐδίκαζον.

168 2125 286 2207 Σῑτος
315 2118 356 2197 δέ
381 2127 487 2198 ἐστιν
514 2123 553 2195 αἱ
583 2116 833 2218 ὀφειλόμεναι
861 2123 1015 2217 τροφαί.
1045 2123 1260 2217 (Frumenti
1289 2124 1374 2201 lites
1392 2123 1433 2198 in
1452 2121 1559 2199 Odeo

161 2247 394 2348 judicabant.
431 2249 677 2325 Frumentum
695 2257 821 2325 autem
841 2260 897 2324 333
915 2247 1064 2325 debitus
1084 2247 1219 2339 cibus.)

274 2371 386 2474 Apud
405 2372 568 2448 Thurios
586 2372 724 2449 licebat
741 2373 849 2448 uxori
875 2372 1077 2449 divortium
1096 2399 1180 2449 cum
1199 2372 1280 2451 viro
1301 2375 1424 2450 facere
1444 2387 1481 2450 33
1499 2375 1555 2450 in·

166 2499 218 2574 ire
238 2497 463 2575 matrimonii
481 2498 614 2577 foedus
634 2524 721 2575 cum
743 2524 969 2599 quocunque
997 2498 1131 2593 vellet,
1161 2498 1273 2576 modo
1293 2524 1340 2575 ne
1354 2500 1484 2601 junior
1504 2526 1558 2576 es-

166 2635 223 2698 set
252 2624 385 2700 marito
413 2623 548 2726 priori,
576 2622 782 2724 eademque
810 2624 973 2718 ratione,
1000 2623 1031 2698 si
1060 2623 1144 2723 quis
1172 2623 1372 2726 conjugem
1399 2625 1458 2700 vir
1483 2627 1557 2728 eje-

166 2747 296 2842 cisset,
325 2749 466 2826 nullam
484 2749 636 2826 dimissa
649 2749 837 2851 juniorem
865 2747 935 2825 sibi
959 2749 1119 2849 jungere
1148 2759 1305 2850 poterat.
1336 2750 1557 2843 (Diodor.

166 2869 314 2950 Sicul.
334 2875 420 2970 XII,
444 2873 526 2966 18.)

273 2998 386 3101 Apud
414 3001 605 3078 Romanos
634 3001 756 3078 soluto
786 3000 880 3078 citra
906 3001 1058 3102 culpam
1084 2999 1211 3077 uxoris
1240 3000 1498 3094 matrimonio,
1525 3002 1557 3077 si

165 3124 297 3200 mulier
316 3124 365 3200 cb
384 3151 507 3202 mores
527 3126 599 3201 viri
617 3124 789 3217 divortit,
820 3127 877 3202 vir
896 3152 977 3204 eum
998 3124 1143 3216 dotem,
1162 3150 1257 3224 quac
1278 3150 1424 3216 annua,
1443 3125 1554 3219 bima,

164 3249 275 3326 trima
294 3248 351 3325 die
371 3248 478 3326 reddi
497 3249 630 3345 debet,
650 3252 699 3327 ob
718 3252 878 3354 majores
897 3276 1021 3328 mores
1040 3262 1294 3352 praesentem,
1314 3262 1470 3351 propter
1488 3250 1555 3326 mi·

165 3401 275 3451 nores
303 3401 434 3451 senum
462 3375 647 3452 mensium
675 3374 734 3451 die
765 3374 920 3452 reddere
949 3373 1070 3452 debet
1107 3374 1218 3467 Quod
1247 3374 1294 3451 sd
1315 3400 1396 3450 eam
1416 3374 1554 3471 dotem,

164 3520 259 3598 quas
278 3525 454 3602 praesens
483 3500 587 3579 reddi
615 3502 729 3596 solet,
758 3512 795 3577 33
813 3499 995 3601 quidquid
1014 3500 1161 3577 ebonis
1180 3501 1305 3577 uxoris
1325 3498 1386 3576 vel
1403 3499 1553 3578 liberto·

164 3649 246 3700 rum
265 3625 345 3726 ejus
364 3625 412 3703 ad
432 3651 518 3703 eum
537 3627 730 3729 pervenit,
762 3635 879 3719 utet,
908 3625 938 3700 31
959 3623 1047 3701 dolo
1066 3626 1166 3701 malo
1186 3625 1326 3701 factum
1345 3626 1435 3718 erit,
1463 3651 1554 3724 quo·

164 3750 285 3827 minus
305 3752 536 3851 perveniret,
566 3763 707 3851 quanta
733 3751 894 3853 pecunia
918 3750 1008 3845 crit,
1038 3761 1182 3827 tantam
1200 3751 1279 3849 ipse
1300 3749 1426 3849 ejusve
1447 3748 1558 3826 here·¹

164 3874 231 3953 (133
248 3877 443 3977 pecuniam
462 3877 569 3971 dato,
598 3885 635 3952 et
653 3878 710 3953 vir
729 3877 841 3953 simul
859 3876 1002 3953 fructus
1021 3875 1255 3975 quadriennii
1274 3884 1466 3976 praestare
1487 3872 1551 3951 de·

162 4002 237 4078 bet.
272 4001 337 4079 Sin
356 4003 519 4080 mulieris
538 4001 649 4104 culpa
668 4001 864 4079 discidium
883 4001 1044 4095 lactum,
1065 4026 1211 4079 morum
1230 3999 1380 4100 quidem
1401 4002 1552 4078 nomine

162 4129 317 4204 maritus
341 4127 555 4227 graviorum
584 4128 736 4229 quidem
762 4139 926 4222 sextam,
955 4128 1138 4205 leviorum
1157 4138 1330 4204 octavam
1350 4126 1448 4204 dctis
1466 4153 1550 4229 par·

161 4264 238 4329 tem
256 4254 403 4328 retinet.
433 4251 1184 4353 (3101031131ΙΗ.33133301.
1212 4263 1258 4327 et
1285 4251 1395 4354 Pap.
1422 4252 1467 4330 lr.
1487 4252 1549 4328 46.

162 4390 200 4454 33
228 4377 343 4480 Graji
371 4379 452 4455 lib.
480 4377 545 4455 VI.
574 4378 631 4456 ad
659 4380 751 4480 leg.
779 4379 876 4456 Jul.
911 4387 958 4454 et
985 4379 1096 4478 Pap.
1124 4377 1167 4453 fr.
1189 4378 1246 4468 7.)

739 4586 816 4673 Ad
836 4591 980 4673 1³⁷³.

269 4755 382 4858 Apud
401 4754 610 4853 Romanos,
640 4757 774 4859 quibus
803 4766 1027 4834 testamento
1055 4752 1205 4854 quidem
1224 4762 1324 4829 tutor
1344 4753 1452 4831 datus
1471 4779 1549 4830 non

161 4886 228 4980 sit,
255 4887 301 4961 iis
329 4912 349 4961 3
378 4883 462 4984 lege
489 4884 575 4961 XII.
604 4887 732 4984 agnati
765 4896 851 4962 sunt
878 4896 1042 4977 tutores,
1081 4880 1143 4980 qui
1172 4891 1355 4957 vocantur
1382 4879 1547 4975 legitimi.

161 5013 258 5089 Sunt
276 5022 399 5086 autem
427 5011 556 5108 agnati
584 5037 653 5112 per
680 5010 796 5088 virilis
824 5035 935 5086 sexus
964 5032 1143 5109 personas
1164 5008 1388 5107 cognatione
1402 5003 1547 5103 juncti,

161 5139 266 5238 quasi
295 5165 318 5213 a
344 5148 451 5239 patre
480 5139 650 5234 cognati,
681 5137 796 5212 veluti
827 5136 939 5213 130333
969 5133 1100 5212 eodem
1128 5143 1231 5234 patre
1262 5141 1391 5223 natus,
1421 5128 1549 5207 fratris
