3436 5790
163 378 241 469 aad
709 393 1002 469 assummum

163 603 241 693 κῶς
261 599 429 707 ἀγορεύῃ
447 635 535 683 τινα
554 603 580 698 ἢ
596 597 802 704 ὑποκρούῃ
831 596 856 692 ii
882 607 976 700 dixu
1003 601 1076 681 τὸν
1093 600 1297 696 ἐπιστάτην
1308 662 1320 697 ,
1348 596 1555 707 ύφεεμίνης

162 732 225 824 τῆς
244 734 449 820 ἐκκλησίας
469 727 493 823 ἢ
511 731 574 824 τῆς
591 729 734 830 βουλῆς
762 732 1042 828 κυριευέτωσαν
1068 732 1104 804 οἱ
1133 728 1308 832 πρόεδροι
1324 738 1438 832 μέχρι
1458 761 1553 810 πεν·

162 859 329 949 τήκοντα
358 853 544 955 δραχμῶν
569 862 668 931 καθ’
698 861 864 930 ἕκαστον
891 847 1062 952 ἀδίκημα
1092 853 1321 962 ἐπιγράφειν
1337 857 1404 950 τῆς
1422 858 1554 958 πράκ-

162 1009 303 1084 τορσιν.
343 986 393 1057 Εἰ
411 981 449 1059 δὲ
470 987 628 1069 πλέονος
648 975 755 1074 ἄξιός
773 987 849 1056 ἐστι
878 982 1032 1078 ζηαίας,
1061 980 1309 1082 ἐπιβαλόντες
1322 989 1439 1085 μέχρι
1458 1012 1553 1061 πεν-

162 1107 331 1202 τήκοντα
357 1106 542 1204 δραχμῶν
568 1112 844 1207 εἰσφερέτωσαν
872 1108 925 1192 εἰς
943 1103 1015 1197 την
1032 1104 1182 1206 βουλὴν
1198 1103 1224 1199 ἢ
1240 1111 1294 1195 εἰς
1311 1107 1382 1201 τὴν
1400 1107 1552 1209 πρώτην

162 1239 384 1328 ἐκκλησίαν.
411 1229 538 1311 Ὅταν
554 1234 590 1308 δ’
608 1238 733 1327 ἐξίωσι
753 1227 926 1325 κλήσεις,
951 1232 1218 1333 κρινάτωσαν·
1246 1240 1316 1311 καὶ
1335 1232 1407 1313 ε’ύν
1424 1263 1552 1311 κατα·

162 1360 322 1465 γνωσθῇ
350 1355 474 1436 αύτού
503 1358 679 1460 κρύβδην
706 1364 1007 1460 ψηφιζομένων,
1035 1357 1343 1466 ἐγγραψάτωσαν
1368 1362 1405 1437 ot
1433 1357 1552 1460 πρόε-

163 1485 246 1584 δροι
266 1496 347 1573 τοῖς
366 1485 617 1586 πράκτορσιν.

441 1595 542 1690 (Lex
561 1595 711 1673 Solonis
730 1594 830 1698 apud
851 1594 1024 1675 Aeschin.
1043 1618 1074 1675 c.
1094 1596 1283 1675 Timarch.
1302 1592 1337 1698 ξ.
1356 1596 1442 1693 36.)

801 1757 820 1831 1
908 1815 917 1834 .

268 1864 308 1942 Si
327 1865 410 1966 quis
428 1876 616 1944 oratorum
642 1865 682 1940 in
711 1758 847 1942 senatui
854 1758 937 1941 ⁶siut
964 1892 1034 1966 pro
1057 1866 1241 1945 concione
1260 1866 1440 1945 conviciis
1457 1866 1551 1945 affe-

161 1991 253 2067 cerit
280 1989 438 2090 aliquem
467 2001 531 2065 ant
559 1985 792 2068 maledixerit
819 1987 950 2084 alicui,
988 2002 1052 2066 aut
1079 1990 1175 2092 pede
1203 1991 1459 2093 supploderit,
1488 2002 1554 2069 aut

160 2114 391 2216 praefectum
410 2115 586 2209 traxerit,
615 2112 766 2190 dimissa
783 2115 964 2192 concione
984 2125 1049 2191 aut
1068 2126 1219 2213 senatu,
1245 2118 1326 2219 ejus
1343 2113 1551 2193 mulctandi

160 2252 327 2341 potestas
347 2251 426 2318 esto
444 2266 562 2344 penes
589 2239 781 2343 praesides
806 2240 988 2341 usquead
1008 2240 1280 2342 quinquaginta
1297 2240 1493 2320 drachmas
1511 2241 1550 2319 in

160 2364 307 2466 singula
331 2365 468 2443 delicta
496 2364 671 2442 mulctam
701 2364 918 2467 imponendi
939 2366 1034 2441 etin
1053 2365 1201 2443 tabulas
1220 2366 1457 2444 exactoribus
1476 2377 1549 2444 tra-

159 2488 301 2568 dendas
320 2490 557 2569 inscribendi.
595 2490 738 2594 Quodsi
767 2488 980 2589 graviorem
1009 2491 1189 2569 meruisse
1216 2516 1377 2593 poenam
1407 2490 1551 2570 videbi·

160 2628 239 2712 tur,
268 2616 409 2693 indicta
426 2616 565 2692 mulcta
592 2642 708 2716 usque
736 2614 781 2691 ad
810 2613 1083 2716 qninquaginta
1110 2614 1324 2704 drachmas,
1352 2614 1551 2695 deiemnto

160 2740 208 2816 ad
227 2753 398 2818 senatum
418 2754 482 2818 aut
501 2741 548 2817 ad
569 2742 727 2843 primam
755 2742 975 2818 concionem
1003 2741 1043 2817 in
1066 2741 1179 2818 curia
1218 2740 1295 2819 Ubi
1314 2753 1440 2820 autem
1459 2740 1550 2818 uita

160 2867 280 2943 tiones
300 2867 574 2963 recensuerint,
597 2867 806 2969 judicanto.
843 2866 986 2961 Quodsi
1005 2865 1276 2945 condemnatus
1296 2866 1426 2962 fuerit,
1449 2865 1550 2943 clam

160 2992 340 3100 suffragia
367 2990 571 3070 ferentibus
598 2992 858 3086 senatoribus,
895 2991 1090 3092 praesides
1117 2990 1296 3070 mulctam
1330 2993 1370 3067 in
1397 2990 1550 3069 tabulas

160 3128 375 3194 exactorum
393 3116 593 3193 referunto.
794 3223 898 3299 1¹68

271 3347 345 3441 Τῆς
372 3342 517 3448 ὕβρεως
545 3343 591 3422 τὸ
617 3350 762 3446 τίμημα
790 3338 870 3421 ούκ
899 3352 974 3423 ε’στι
1003 3343 1077 3421 τού
1107 3343 1328 3440 παθόντος,
1355 3340 1457 3425 illd
1476 3345 1549 3441 δη-

156 3472 309 3572 μύσιον.
801 3584 903 3659 1168
1055 3474 1210 3568 (Pollux
1230 3474 1333 3573 VIII,
1353 3477 1441 3571 42.)

267 3691 525 3770 Contumeliae
545 3690 686 3768 mulcta
704 3716 782 3766 non
800 3690 1064 3770 contumeliam
1082 3693 1183 3795 passi
1203 3703 1278 3790 est,
1298 3691 1364 3770 sed
1382 3691 1548 3795 publica

756 3972 948 4067 Mioocai‘.

637 4099 770 4192 Περὶ
806 4097 1073 4187 μοιχεύας.

1137 4292 1155 4336 ἱ

658 4465 725 4531 De
763 4461 1052 4530 adulterio.

800 4628 913 4706 1169.

268 4753 431 4852 Μοιχδν
448 4748 600 4833 ἀνελεῖν
619 4752 673 4855 τῷ
692 4750 854 4856 λαβόντι
876 4752 1006 4845 ἔξεστι.

513 4884 613 4977 (Lex
632 4881 781 4959 Solonis
799 4881 898 4984 apud
919 4875 1107 4957 Plutarch.
1126 4879 1166 4956 in
1185 4876 1334 4957 Solone.
1355 4877 1439 4970 23.)

800 5042 913 5121 1169.

309 5150 492 5230 dulterum·
508 5152 812 5255 deprehendens,
835 5156 898 5256 jus
916 5150 1054 5229 habeat
1072 5178 1159 5229 eum
1178 5147 1383 5229 occidendi.
