3436 5790
692 402 804 456 sarim
823 403 932 456 snus.
1326 416 1329 425 ·
1425 358 1500 458 311

750 595 864 671 1219.

220 727 321 802 Dum
339 726 516 825 mysteria
535 724 726 800 Eleusinia
745 724 1001 815 celebrantur,
1032 721 1260 798 circumeant
1279 723 1412 800 delecti
1432 724 1502 798 viri

117 863 153 926 et
180 851 349 926 inducias
377 851 602 926 annuntient
630 875 698 949 per
726 851 858 944 urbes,
889 874 935 922 ne
961 848 1020 923 cui
1039 847 1268 924 Graecorum
1290 875 1393 923 arma
1410 848 1502 923 infe-

115 988 262 1069 rantur,
290 975 355 1050 sed
375 988 416 1050 ut
435 976 597 1074 quietem
617 984 732 1071 agant
750 973 823 1049 hoc
844 985 1022 1072 tempore.

227 1257 327 1345 Τους
354 1261 531 1354 τεχνίτας
559 1262 628 1330 καί
661 1261 746 1330 θεοὶ
776 1261 844 1330 καὶ
872 1258 1039 1354 βασιλεῖς
1066 1259 1133 1329 καὶ
1167 1251 1303 1342 πάντες
1322 1249 1503 1346 Ἕλληνες

117 1384 296 1485 τιμῶσιν,
327 1380 532 1468 δεδωκότες
551 1382 620 1472 τήν
636 1413 677 1456 τε
697 1379 864 1457 ἀσυλίαν
883 1387 952 1455 καὶ
973 1378 1187 1475 ἀσφάλειαν
1210 1380 1301 1456 πᾶσι
1330 1387 1398 1456 καὶ
1428 1413 1501 1456 αο-

117 1519 233 1611 λέμου
279 1516 347 1584 καὶ
384 1506 549 1604 εἰρήνης,
597 1507 992 1593 κατακολουθοῦντες
1028 1517 1108 1594 τοῖς
1144 1506 1218 1583 τοῦ
1258 1502 1504 1594 ’Λπόλλωνος

114 1647 306 1736 χρησμοῖς.
636 1637 836 1730 (Boeckhii
855 1663 956 1738 corp.
975 1636 1085 1712 inscr.
1104 1663 1140 1735 g.
1161 1637 1240 1713 Nro
1260 1635 1396 1729 3067.)

752 1800 865 1874 1220.

223 1925 395 2001 Artifices
423 1952 446 1999 a
474 1925 543 2000 diis
571 1936 608 1999 et
627 1925 778 2022 regibus
808 1935 845 1998 et
874 1922 1047 1998 omnibus
1076 1922 1231 1999 Graecis
1261 1923 1501 2018 honorantur,

119 2054 179 2152 qui
199 2053 251 2127 eis
270 2051 596 2125 inviolabilitatem
616 2062 653 2124 et
672 2049 909 2124 securitatem
936 2049 975 2122 in
1005 2048 1105 2123 bello
1130 2060 1167 2124 et
1185 2074 1278 2148 pace
1299 2050 1503 2144 dederunt,

119 2176 314 2277 Apollonis
334 2176 483 2251 oracula
501 2176 628 2250 secuti.
757 2280 855 2355 1221

228 2402 329 2493 Τούς
348 2405 507 2491 ἑκόντας
526 2410 742 2498 ληφθέντας
770 2409 839 2476 κατ’
864 2413 996 2500 χεῖρας
1022 2408 1324 2500 τροὶσχομένους
1344 2398 1365 2483 ὁ
1386 2405 1506 2505 νόμος

118 2541 195 2618 τοῖς
205 2528 363 2621 Ἕλλησι
378 2528 433 2628 μὴ
453 2534 632 2605 κτείνειν.
752 2638 850 2713 1221
976 2529 1205 2630 (Thucydid.
1225 2534 1293 2627 III,
1314 2537 1397 2627 58.)

224 2768 297 2861 Qui
325 2767 493 2844 volentes
522 2766 679 2841 veniunt
705 2765 744 2840 in
773 2764 888 2865 partis
913 2762 1087 2839 bellantis
1106 2774 1330 2862 potestatem
1347 2778 1385 2842 et
1402 2792 1503 2847 more

118 2894 328 2994 supplicum
347 2918 480 2968 manus
499 2891 716 2984 tendentes,
744 2890 813 2965 hos
834 2888 1064 2964 Graecorum
1082 2886 1142 2964 lex
1163 2890 1282 2966 occidi
1301 2902 1413 2968 vetat.

759 3053 871 3130 1222.

229 3178 310 3255 Τοῦ
331 3182 547 3274 λυσαμένου
566 3183 612 3253 ἐκ
631 3175 710 3250 τῶν
729 3178 923 3273 πολεμίων
942 3171 1040 3297 εἶναι
1059 3172 1132 3251 τὸν
1149 3181 1330 3267 λυθέντα,
1359 3175 1429 3254 εὀὶν
1449 3173 1504 3276 μὴ

118 3301 290 3403 ἀποδιδῷ
308 3300 356 3377 τοὶ
375 3299 501 3402 λύτρα,
700 3303 912 3397 (Demosth.
932 3303 1018 3379 adr.
1038 3304 1237 3382 Nicostrat
1264 3304 1396 3398 1250.)

751 3466 865 3540 1222.

222 3595 453 3694 Redemptus
473 3593 551 3694 ejus
571 3604 669 3687 esto,
690 3592 752 3692 qui
772 3619 858 3668 eum
876 3590 923 3668 ab
942 3592 1111 3669 hostibus
1130 3591 1305 3688 redemit,
1326 3592 1398 3668 nisi
1417 3619 1500 3693 pre·

117 3720 208 3795 tium
226 3720 437 3796 restituerit.

757 3825 871 3901 1223.

224 3928 374 4022 Μηδενὶ
393 3936 532 4021 ἐξεῖναι
555 3925 797 4022 Ἀθηναίων,
817 3928 912 4028 μηδὲ
932 3930 1010 4005 τῶν
1029 3927 1251 4006 οἰκούντων
1269 3926 1499 4028 Ἀθήνῃσιν,

117 4055 322 4155 ἐλεύθερον
342 4057 448 4156 σῶμα
467 4059 656 4155 πρίασθαι
676 4061 737 4132 ἐπὶ
758 4046 913 4156 δουλείᾳ
934 4063 980 4132 ἐκ
999 4054 1077 4131 τῶν
1096 4048 1376 4154 ἁλισκομένων,
1406 4052 1501 4133 ἄνευ

117 4181 179 4272 τῆς
197 4181 271 4257 τοῦ
290 4186 473 4281 προτέρου
494 4178 679 4256 δεσπότου
698 4178 858 4285 γνώμης.

578 4310 784 4406 (Plutarch.
808 4312 867 4388 10.
888 4322 1022 4389 orator.
1044 4311 1107 4387 vit.
1128 4311 1292 4412 Lycurg.
1315 4312 1396 4405 12.)

756 4476 869 4552 1223.

222 4601 258 4680 N
261 4631 308 4678 on
326 4601 437 4678 licere
458 4602 630 4704 cuiquam
640 4601 861 4683 Atheniensi
880 4612 945 4677 aut
963 4601 1120 4682 Athenis
1139 4601 1323 4679 habitanti
1342 4602 1502 4679 liberum
1522 4652 1529 4667 -.

117 4755 250 4831 corpus
270 4741 420 4829 captum
430 4728 469 4805 in
479 4728 698 4805 servitutem
709 4726 875 4805 vendere
895 4727 974 4803 sine
994 4726 1128 4829 prioris
1146 4727 1286 4803 domini
1306 4752 1501 4804 consensu.
1525 4809 1528 4813 ,

225 4994 454 5112 Πέμπουσιν
474 5014 509 5087 οἱ
529 5017 703 5111 πολέμιοι
723 5010 875 5111 νεκρῶν
893 5006 1095 5110 ἀναίρεσιν
1113 5008 1321 5097 αἰτοῦντες.

922 5136 1130 5257 (Plutarch.
1150 5138 1288 5238 Agesil.
1311 5136 1391 5231 19.)
1415 5136 1418 5141 ’
