3436 5790
688 445 899 500 mancare.
1413 424 1489 505 108

750 637 838 712 421.

205 781 426 858 Sacerdotes
444 809 564 860 mares
584 783 840 884 faeminaeque
859 783 1067 860 rationibus
1077 784 1278 861 reddendis
1289 783 1488 884 subjician-

94 921 175 1002 tur,
196 919 234 984 et
251 908 462 1005 generatim
484 935 613 986 omnes
632 919 671 985 at
689 909 944 1010 unusquisque
963 908 1201 1007 singillatim,
1227 911 1289 1011 qni
1308 908 1490 985 duntaxat

94 1035 337 1110 honorarium
355 1033 504 1134 aliquod
523 1035 714 1136 accipiunt
733 1046 770 1110 et
788 1044 883 1109 vota·
896 1061 964 1136 pro
984 1034 1135 1113 civitate
1155 1035 1225 1112 diis
1249 1036 1408 1111 faciunt:
1433 1032 1488 1107 id·

95 1185 169 1259 que
189 1186 268 1236 non
292 1159 470 1260 privatim
496 1169 663 1255 tanturn,
693 1158 759 1235 aed
788 1159 1037 1237 communiter
1066 1161 1178 1236 etiam
1207 1170 1307 1238 totae
1335 1170 1488 1258 gentes,

96 1284 366 1385 Eumolpidae,
387 1283 549 1384 Cerycea
568 1295 606 1359 et
623 1283 757 1385 reliqui
777 1310 915 1360 omnes.

752 1460 840 1536 422.

211 1598 267 1676 Tui
289 1607 506 1703 προσακτέα
528 1601 677 1702 θύσιμα
697 1605 812 1702 ἱερεῖα
832 1594 966 1702 ἄρτια,
987 1596 1131 1702 ἄτομα,
1152 1595 1362 1704 ὁλόκληρα,
1382 1594 1486 1707 clyti,

96 1724 237 1828 ὅμηρα,
257 1728 445 1830 παμμελῆ,
466 1726 657 1830 ἀριιμελῆ,
675 1727 729 1829 μή
752 1728 925 1830 κολοβά,
942 1728 1036 1830 μηδὲ
1058 1734 1203 1832 ἔμπηρα
1213 1789 1225 1822 ,
1241 1728 1336 1830 μηδὲ
1357 1725 1485 1834 ἠκρω-

95 1861 326 1957 τηριασμέιια
336 1916 347 1948 ,
364 1853 457 1956 μηδὲ
480 1853 703 1955 διάστροφα.
749 1968 825 2042 422
1069 1860 1225 1955 (Pollux
1244 1862 1273 1958 I,
1294 1860 1378 1953 29.)

203 2109 459 2190 Adducendae
487 2112 660 2188 victimae
690 2136 816 2187 sacrae
851 2112 926 2188 sint
953 2112 1144 2209 integrae,
1182 2140 1260 2189 non
1289 2123 1485 2208 exsectae,

95 2237 304 2338 perfectae,
334 2263 469 2334 sanae,
497 2237 700 2330 innocuae,
739 2237 866 2312 omnia
895 2247 932 2312 et
959 2248 1062 2312 recta
1088 2240 1258 2315 membra
1285 2239 1485 2331 habentes,

96 2387 173 2438 non
192 2363 366 2459 mutilae,
396 2388 466 2439 nec
484 2362 748 2465 imperfectae,
776 2386 898 2461 neque
918 2372 1133 2457 truncatae,
1154 2365 1485 2464 nequedistortae.

744 2540 832 2615 423.

203 2679 288 2784 Χρὴ
311 2683 425 2764 θύειν
443 2679 512 2771 cuia
533 2687 671 2772 θυσίας
690 2679 757 2770 cde
775 2689 822 2758 ἐκ
840 2682 920 2762 τῶν
946 2682 1128 2784 κύρβεων
1156 2683 1321 2761 καὶτῶν
1339 2681 1485 2776 στηλῶν

97 2806 199 2887 κατὰ
218 2807 286 2898 τὰς
306 2807 541 2915 συγγραφάς.
722 2811 877 2912 (Lysias
897 2813 982 2890 adv.
1004 2813 1218 2892 Nicomach.
1238 2808 1272 2915 ξ.
1294 2814 1378 2906 17.)

748 2993 837 3071 423.

205 3136 320 3216 Sacra
339 3163 359 3214 e
378 3138 555 3241 cyrbibus
575 3150 613 3214 et
641 3140 744 3216 stelia
773 3138 947 3235 definita,
970 3139 1082 3240 juxta
1110 3139 1342 3242 praescripta
1368 3138 1484 3215 literis

98 3265 337 3365 consignata,
356 3263 528 3342 facienda
545 3275 641 3342 aunt

748 3389 836 3464 424.

206 3530 401 3629 Δημοτελῆ
427 3535 495 3605 καὶ
525 3527 713 3629 δημοτικά
745 3534 861 3630 ἱερεῖα
889 3527 1068 3631 διαφέρει.
1116 3526 1172 3603 Tol
1197 3532 1274 3626 μὲν
1301 3527 1483 3627 duumuir}

100 3656 257 3758 θύματα
277 3648 298 3748 ἦ
322 3655 428 3745 πόλις
447 3653 624 3734 δίδωσιν·
653 3655 700 3732 τὰ
722 3655 760 3733 δὲ
783 3652 969 3756 δημοτικὰ
990 3658 1026 3731 οὶ
1047 3652 1216 3754 δημόται.

735 3786 907 3879 (Bekker
925 3784 1066 3865 Aueod.
1086 3809 1141 3886 gr.
1160 3786 1189 3862 I.
1209 3811 1245 3887 p.
1266 3784 1374 3876 240.)

743 3964 832 4039 424.

204 4109 321 4187 Sacra
349 4105 500 4210 publica
529 4117 567 4184 et
594 4105 781 4206 paganica
808 4107 905 4182 inter
924 4133 964 4184 sa
983 4106 1169 4184 differunt
1208 4105 1367 4184 Publica
1384 4107 1483 4183 enim

95 4237 278 4316 sacrificia
297 4233 427 4311 civitas
445 4231 529 4329 dat,
557 4232 743 4334 paganica
766 4256 855 4310 varo
874 4233 974 4332 pagi.
