3436 5790
541 392 708 444 nsmcm
729 386 1178 442 rosmcasonosnrmu.
1474 363 1551 439 267

808 579 920 656 1060.

269 729 306 801 Β
315 709 592 814 ουλεόσεως
621 727 815 830 ἔγκλημα,
846 716 943 797 ὅταν
961 727 1282 826 ἐγγεγραμμένος,
1312 712 1363 810 ὦς
1383 717 1551 817 ὀφείλων

163 850 217 950 τῷ
237 848 420 951 δημοσίῳ,
450 848 568 938 αότός
588 849 789 944 δικάζηταί
807 861 897 939 τινι,
926 841 976 936 ὦς
998 845 1076 923 οὐκ
1100 846 1358 943 ὀπαληλιφότι
1378 846 1456 924 ἇπό
1475 847 1547 923 του

165 973 386 1073 ὀφλήματος
405 973 449 1052 τὸ
470 973 675 1080 ἀργύριον,
705 969 729 1050 ὀ
748 971 802 1051 dr
820 968 841 1066 ή
862 972 970 1062 πόλις
990 978 1244 1074 παρειληφυῖα
1262 966 1288 1071 ᾗ
1307 981 1393 1075 παρ’
1413 970 1550 1052 αὐτοῦ.

267 1106 551 1206 (Harpocratio,
572 1115 671 1183 etex
688 1104 866 1180 Boeckhii
884 1103 1042 1204 inscript
1056 1114 1156 1180 naut.
1169 1130 1205 1204 p.
1220 1104 1306 1179 538.
1318 1105 1441 1203 seqq.)

800 1263 913 1339 1060.

271 1392 493 1469 Insidiarum
513 1391 610 1467 actio
631 1401 706 1482 est,
736 1416 849 1491 quam
867 1389 945 1483 ille,
975 1389 1036 1488 qui
1056 1390 1094 1466 in
1113 1388 1248 1466 tabulis
1267 1389 1426 1490 publicis
1446 1413 1549 1466 aera-

165 1517 206 1591 rii
226 1517 373 1592 debitor
391 1528 448 1593 est
466 1518 687 1618 inscriptus,
717 1526 847 1591 contra
875 1515 1038 1615 aliquem
1064 1515 1242 1609 instituit,
1270 1516 1370 1614 quod
1389 1540 1464 1592 non
1485 1515 1548 1591 de-

164 1641 293 1718 leverit
312 1669 332 1719 e
352 1643 479 1720 debito
498 1643 719 1744 pecuniam,
749 1669 861 1742 quam
879 1641 1011 1718 civitas
1031 1640 1181 1743 abipso
1201 1642 1355 1742 accepit.

803 1801 918 1878 1061.

266 1940 365 2019 'Erit‘
393 1945 430 2018 oi
458 1942 536 2018 τῶν
563 1946 732 2041 νεωρίων
767 1936 952 2041 ἄρχοντες
990 1938 1282 2044 παραλαβούσης
1316 1941 1381 2032 τῆς
1410 1938 1549 2027 πόλεως

165 2065 254 2156 τούς
272 2074 421 2154 κωπέας
440 2065 540 2168 παρά
559 2098 663 2155 τινος
682 2057 733 2144 οὗ
756 2060 776 2160 ή
799 2065 914 2144 οὐσία
944 2064 1230 2173 ἀπογέγραπται
1260 2064 1422 2165 δημοσία
1450 2063 1548 2142 εἶναι

164 2189 313 2285 ἅπασα,
338 2192 392 2293 μή
423 2189 701 2298 ὀναγράφωσιν
729 2197 781 2281 εἰς
809 2190 879 2284 τήν
907 2191 1067 2284 στήλην,
1096 2189 1120 2284 ii
1148 2185 1170 2269 ὀ
1198 2191 1442 2297 γραμματεύς
1470 2190 1550 2266 τῶν

164 2319 300 2396 ἕνδεκα
315 2319 368 2419 μή
389 2316 585 2419 ὀπαλείφη
606 2316 682 2392 ἀπὸ
703 2319 773 2393 τοῦ
803 2313 1025 2416 ὀφλήματος
1053 2323 1209 2393 ἐκείνου
1238 2316 1283 2393 τό
1313 2317 1548 2422 γιγνόμενον

164 2446 240 2521 τῶν
255 2451 431 2536 κωπέων,
452 2443 634 2541 ὀφειλέτω
653 2451 813 2530 ἕκαστος
834 2440 967 2519 αὐτῶν
985 2450 1194 2543 τρισχιλίας
1215 2442 1387 2544 δραχμάς
1405 2444 1462 2542 τῷ
1481 2442 1548 2534 δη-

161 2577 309 2670 μοσίῳ,
337 2578 406 2647 καί
436 2565 625 2656 ὑπόδικος
649 2573 743 2646 ἔστω
772 2577 910 2670 ἐκεῖνῳ
938 2575 1008 2644 καί
1036 2581 1116 2657 τοῖς
1146 2566 1269 2646 αὐτοῦ
1297 2573 1458 2656 οἰκείοις
1485 2570 1548 2661 τῆς

164 2695 398 2795 βουλεύσεως
425 2696 497 2772 τοῦ
524 2693 713 2800 ἀργυρίου
732 2693 796 2788 τής
815 2694 922 2795 τιμής
941 2692 1020 2771 τῶν
1043 2702 1223 2785 κωπέων,
1253 2683 1310 2771 ὧν
1329 2689 1379 2770 ἄν
1400 2688 1419 2788 ή
1441 2691 1548 2781 πόλις

165 2828 416 2920 παρειληφυῖα
444 2816 467 2920 ᾖ
496 2821 597 2923 παρὰ
619 2821 693 2897 τοῦ
712 2817 1003 2925 ἆπογραφέντος
1021 2827 1090 2896 καί
1119 2821 1198 2897 τῶν
1217 2825 1377 2898 οίκείων
1402 2815 1529 2897 αὐτοῦ
1540 2844 1547 2861 ·

164 2946 261 3023 εἶναι
281 2945 319 3023 δέ
340 2957 409 3026 καί
430 2952 675 3054 εἰσαγγελίαν
694 2943 826 3024 αὐτων
845 2953 898 3035 εἰς
916 2945 988 3039 τήν
1004 2946 1175 3049 βουλήν,
1204 2946 1386 3046 καθάπερ
1406 2945 1475 3024 ε’(ίν
1494 2977 1548 3033 τις

165 3069 279 3164 ἆδική
300 3082 385 3173 περί
404 3073 450 3150 sd
471 3082 514 3152 ἐν
532 3086 612 3164 τοῖς
631 3079 811 3173 νεωρίοις.

272 3205 463 3306 (inscript.
483 3206 583 3307 apud
603 3203 766 3281 Boeckh.
787 3204 927 3282 Oecon.
957 3202 1059 3304 publ.
1090 3201 1223 3281 Athen.
1243 3205 1352 3280 Tom.
1373 3203 1439 3282 ΙΙΙ.

807 3419 918 3495 ¹06¹·
1139 3340 1176 3412 p.
1199 3312 1441 3404 sao—540.)

270 3543 310 3621 Si
330 3545 519 3622 navalium
537 3547 796 3643 magistratus,
825 3555 1025 3646 postquam
1053 3544 1182 3620 civitas
1200 3545 1309 3642 ⁴ligna
1326 3544 1437 3621 remis
1458 3569 1545 3620 con·

165 3670 332 3746 ficiendis
361 3670 496 3747 idonea
523 3672 571 3746 ab
600 3672 725 3771 aliquo
746 3670 911 3770 accepit,
941 3671 1048 3769 cujus
1067 3695 1196 3746 omnes
1216 3670 1411 3747 facultates
1430 3672 1545 3746 conli-

162 3799 337 3874 scationis
356 3824 469 3874 causa
485 3799 523 3873 in
542 3799 690 3873 tabulas
710 3807 797 3872 sunt
815 3797 976 3891 relatae,
1008 3796 1079 3872 hoo
1107 3798 1146 3872 in
1165 3798 1378 3875 columnam
1397 3823 1473 3873 non
1492 3795 1545 3869 in·

162 3925 399 4025 scripserint,
428 3925 488 3999 vel
508 3923 860 4000 Undecimvirorurn
878 3922 1001 3998 scriba
1026 3950 1102 3999 non
1122 3924 1299 3999 deleverit
1319 3949 1365 3998 ex
1384 3923 1464 4022 ejus
1483 3919 1545 3996 de-

163 4049 240 4124 bito
260 4051 421 4151 pretium
441 4050 649 4149 lignorum,
679 4048 836 4149 quilibet
855 4073 983 4123 eorum
1002 4047 1138 4125 debeat
1157 4060 1213 4125 ter
1231 4049 1332 4124 mille
1352 4044 1545 4122 drachmas

162 4175 406 4277 reipublicae,
435 4187 472 4251 et
491 4187 569 4250 tam
586 4175 648 4250 ille
669 4199 780 4274 quam
799 4171 898 4248 illius
917 4175 1115 4250 necessarii
1136 4174 1332 4250 intendant
1350 4175 1389 4248 in
1408 4198 1471 4248 eos
1489 4173 1545 4247 in-

161 4301 339 4377 sidiarum
357 4302 543 4377 actionem
562 4311 713 4402 propter
731 4298 896 4400 pretium
913 4299 1116 4397 lignorum,
1138 4326 1232 4400 quae
1252 4300 1381 4376 civitas
1401 4298 1449 4375 ab
1468 4299 1544 4392 illo,

160 4427 223 4527 qui
251 4427 290 4501 in
318 4427 466 4502 tabulas
494 4428 632 4502 relatus
662 4425 753 4520 fuit,
784 4434 821 4499 et
850 4423 899 4498 ab
927 4425 1008 4525 ejus
1028 4426 1247 4503 necessariis
1268 4426 1424 4526 accepit
1460 4425 1546 4500 Fiat

160 4553 272 4629 etiam
291 4565 423 4629 contra
441 4551 522 4627 illos
542 4549 770 4626 denuntiatio
794 4547 841 4625 ad
860 4559 1049 4644 senatum,
1078 4551 1395 4650 quemadmodum
1413 4551 1444 4627 si
1463 4550 1545 4650 quis

159 4678 285 4778 inique
305 4679 384 4778 agit
403 4678 501 4755 circa
519 4677 678 4760 navalia.

794 4723 907 4895 rosa.

270 4915 304 4982 Τ
303 4906 371 4995 οὓς
391 4904 523 5006 κριτάς
550 4904 641 4994 τούς
671 4914 717 4983 ἐκ
744 4905 823 4984 τῶν
848 4911 1085 4997 Διονυσίων,
1114 4905 1185 4983 dciv
1198 4905 1253 5007 μή
1276 4907 1433 4995 δικαίως
1452 4904 1542 4992 τούς

160 5039 350 5120 κυκλίους
364 5030 513 5132 χοροός
532 5038 715 5131 κρίνωσι,
746 5034 990 5134 ζημιοῦσθαι.

865 5145 1058 5240 (Aeschin.
1079 5147 1118 5222 in
1136 5143 1303 5245 Ctesiph.
1324 5145 1437 5237 232.)
1518 5140 1520 5145 ’
