3404 5782
65 364 69 371 ·
94 411 102 421 ¹
147 329 225 401 434
487 346 866 398 conuenrssrosso
889 343 1198 398 133.134.135.137.

104 598 105 601 =
151 544 348 639 (Pr-cedri,
378 552 477 618 sorte
506 539 593 616 lecti
617 538 881 639 aprytanibus
911 541 949 614 in
979 539 1127 635 singula
1155 538 1346 612 concione
1369 559 1393 608 e
1416 535 1570 632 singula

143 647 284 779 tribu.)
332 723 337 731 -

86 813 89 819 '
260 794 333 869 Vix
364 793 460 866 bene
483 781 558 861 ὑπὸ
578 784 657 862 τῶν
677 783 906 882 πρυτάνεων.
946 788 985 862 Si
1005 789 1105 862 enirn
1123 786 1320 888 praesides
1346 812 1372 861 a
1393 788 1570 887 prytani-

44 948 47 954 ’
122 901 221 995 1ὶιιιε
241 931 339 994 sorte
359 918 444 992 lecti
464 916 639 1009 luissent,
671 943 744 1016 quo
772 928 884 1018 pacto
912 911 1106 1011 &accedens
1135 916 1327 1018 potuisset
1361 939 1436 988 eos
1470 921 1569 986 sorte

152 1044 314 1141 legere?

258 1167 316 1244 Os.
347 1166 470 1243 Schol.
496 1166 536 1241 in
565 1167 736 1244 Aeschin.
765 1165 1000 1268 Ctesiphont.
1030 1166 1065 1242 3.
1094 1177 1132 1242 et
1160 1168 1209 1263 4.;
1236 1168 1333 1242 item
1368 1163 1507 1242 Schol.
1536 1166 1570 1239 in

153 1291 347 1371 Demosth.
367 1292 520 1370 Midian.
543 1292 631 1383 517,
653 1291 713 1367 10.

746 1430 822 1513 Ad
848 1432 956 1513 133.

262 1597 394 1676 Aetate
414 1599 679 1676 Demosthenis
699 1612 736 1675 et
755 1598 959 1677 Aeschinis.
997 1599 1097 1674 Dicit
1126 1600 1224 1674 enim
1244 1610 1390 1675 orator
1411 1597 1504 1672 loco
1525 1597 1570 1670 ci-

154 1733 252 1800 tato:
280 1710 388 1818 ὖμεῑς
409 1719 442 1794 δ’
463 1723 517 1797 ἔτι
537 1728 775 1820 προσέθεσθε
793 1719 938 1797 καινὸν
959 1720 1092 1820 νόμον.
1125 1721 1225 1817 (Vos
1245 1750 1346 1802 vero
1373 1722 1571 1823 adjecistis

143 1875 292 1925 novam
317 1849 474 1948 legem.)

744 1952 822 2035 Aa
848 1956 956 2037 134.

267 2116 376 2218 Apud
404 2118 719 2195 Lacedaemonios
749 2117 935 2195 conducta
960 2121 1000 2193 in
1030 2147 1141 2195 unum
1165 2118 1293 2196 locum
1313 2118 1572 2194 multitudine

157 2242 342 2318 referendi
361 2243 538 2344 quapiam
558 2243 603 2321 de
623 2271 663 2321 re
683 2243 840 2322 facultas
860 2245 1000 2320 nemini
1020 2244 1066 2320 de
1086 2244 1225 2347 populo
1245 2243 1572 2320 concedebatur:

156 2378 302 2444 tantum
322 2371 402 2470 ejus
422 2383 502 2447 erat
521 2395 585 2469 ea,
614 2397 708 2472 quae
737 2381 929 2448 senatores
957 2393 1140 2471 regesque
1161 2371 1491 2472 proposuissent,
1515 2370 1533 2470 j
1561 2413 1573 2424 -

156 2494 257 2570 bere.
300 2496 574 2601 Posterioribns
603 2507 727 2572 autem
754 2494 1004 2597 temporibus,
1033 2521 1118 2570 eum
1146 2493 1253 2597 plebs
1283 2494 1483 2572 addendo
1513 2495 1572 2571 de-

156 2620 411 2723 trahendoque
431 2621 612 2721 suffragia
630 2633 862 2723 perverteret
880 2633 992 2721 atque
1014 2620 1087 2698 alio
1107 2620 1373 2721 detorqueret,
1401 2620 1571 2722 Polydo-

157 2774 220 2823 rus
241 2758 278 2823 et
296 2746 565 2847 Theopompus
585 2771 692 2844 reges
711 2747 805 2822 haec
824 2747 899 2844 legi
925 2744 1160 2848 adjecerunt:
1190 2744 1230 2822 Si
1250 2770 1426 2849 pravum
1449 2772 1571 2848 popu-

157 2871 214 2946 lus
233 2870 321 2978 quid
341 2871 528 2963 statuerit,
559 2881 770 2945 senatorum
800 2896 1005 2972 regumque
1025 2881 1104 2947 esto
1129 2870 1411 2948 discessionem
1432 2872 1571 2964 faeere,

158 2996 230 3072 hoc
249 3005 324 3088 est,
354 3005 396 3069 nt
424 3020 472 3071 ne
500 3006 622 3070 ratum
650 2994 688 3069 id
715 2995 874 3090 faciant,
906 2996 971 3071 sed
1001 2994 1169 3096 protinus
1189 2995 1424 3074 concionem
1447 2999 1570 3075 dimit·

159 3131 261 3214 tant,
291 3119 461 3194 nimirum
481 3119 622 3220 populo
642 3120 867 3196 sententiam
888 3120 1138 3222 depravante,
1160 3129 1272 3221 atque
1292 3118 1359 3216 id,
1383 3125 1496 3224 quod
1517 3150 1569 3198 es-

160 3256 215 3320 set
233 3244 431 3346 optimum,
461 3247 690 3321 immutante.
721 3247 992 3339 (Plutarch.
1013 3248 1045 3322 L
1057 3273 1221 3348 yeurg.
1243 3247 1301 3340 6.)

268 3373 389 3447 Etiam
409 3373 510 3473 apud
530 3370 728 3450 Cretenses
758 3370 949 3451 concionis
979 3398 1108 3449 omnes
1137 3383 1243 3471 erant
1268 3374 1433 3472 quidem
1456 3376 1568 3478 parti-

160 3501 282 3600 cipes,
312 3497 378 3572 sed
398 3522 513 3599 penes
531 3495 631 3572 illam
650 3497 787 3574 nullius
816 3498 870 3575 rei
898 3495 1086 3596 gerendae
1114 3507 1280 3598 potestas
1310 3512 1426 3594 erat,
1460 3527 1568 3602 prae-

160 3637 330 3723 terquam
350 3647 477 3697 earum
499 3648 642 3717 rerum,
671 3649 766 3723 quae
787 3622 1033 3718 Senatoribus
1054 3632 1091 3698 et
1111 3621 1257 3698 Cosmis
1278 3621 1471 3703 decretae
1492 3627 1565 3702 fue·

161 3762 266 3846 rant,
293 3749 472 3846 suffragio
501 3749 874 3849 comprobandanrm.
914 3746 1140 3841 (Aristot.
1170 3747 1316 3825 Polit.
1353 3753 1405 3846 II,
1443 3753 1484 3850 7,
1513 3754 1566 3844 4.)

752 3956 828 4039 M
854 3959 963 4041 1³5.

271 4109 448 4185 Dinareh.
478 4109 517 4182 in
535 4105 779 4205 Aristogiton.
810 4101 843 4207 ξ.
866 4107 935 4181 14;
958 4097 1009 4179 ‘0
1032 4103 1151 4203 νόμος
1170 4100 1400 4202 εὐξάμενον
1419 4108 1567 4186 κελεύει

163 4229 235 4309 τὸν
260 4230 414 4331 κήρυκα
436 4236 520 4329 μετ’
549 4226 737 4327 εὐφημίας
766 4227 929 4319 πολλῆς,
959 4224 1084 4317 οὕτως
1111 4221 1209 4327 ὑμῖν
1226 4225 1273 4304 τὸ
1295 4233 1568 4328 βουλεύεσθαι

164 4364 247 4457 περὶ
266 4358 344 4434 cciv
363 4353 599 4460 πραγμάτιον
618 4353 882 4453 παραδιδόναι.
914 4360 1016 4452 (Lex
1028 4360 1139 4459 jubet
1159 4384 1396 4460 praeconem
1418 4366 1567 4442 nonnisi

164 4500 250 4588 post
277 4512 408 4588 preces
436 4512 580 4564 summa
608 4513 693 4561 cum
720 4487 965 4562 sanctimonia
991 4488 1109 4563 factas
1129 4487 1238 4562 vobis
1257 4486 1509 4571 deliberandi
1526 4494 1569 4570 de

164 4613 277 4690 rebus
296 4616 486 4712 negotium
506 4614 683 4704 tradere.)

273 4738 329 4815 Cf.
349 4739 462 4815 schol.
481 4739 519 4814 in
537 4739 729 4814 Demosth.
751 4739 913 4839 Philipp.
935 4740 999 4816 IV.
1020 4738 1066 4813 ad
1086 4751 1372 4837 argumentum

753 4932 964 5016 Ac1sr.
996 4892 1000 4902 ’

271 5083 511 5177 Demosthen.
533 5081 746 5160 Aristocrat.
768 5084 860 5158 653:
881 5079 1092 5178 καταρᾶται
1115 5086 1211 5155 καθ’
1224 5079 1579 5185 ἑκάστηνμὶιςκλςο,
