3404 5782
149 358 227 432 458
485 379 792 432 commeruimus
810 375 864 426 en
884 374 946 428 666.
969 375 1031 430 ese.
1052 378 1115 432 eos.
1135 377 1198 430 ιιο.

736 563 813 647 Ad
834 566 949 648 20⁷.

256 738 301 816 In
331 735 439 812 tertio
467 733 613 810 decreto
640 740 727 832 post
754 731 800 806 X.
821 741 1009 809 oratorum
1037 734 1131 809 vitas
1159 732 1262 838 apud
1295 727 1564 807 Plutarchum

150 864 304 956 dicitur,
336 860 436 961 quod
455 861 651 963 Lycurgus
675 859 735 932 ἐπὶ
759 866 856 951 τρεῖς
876 855 1165 955 πενταετηρίδας
1185 861 1278 960 (per
1297 869 1386 935 tres
1408 864 1563 957 pentae·

148 987 307 1081 teridee)
336 987 446 1065 fuerit
472 985 707 1086 publicorum
733 982 921 1061 redituum
949 996 1135 1085 quaestor.
1173 983 1251 1062 Sub
1285 982 1563 1084 pentaeteride

148 1113 209 1189 alii
238 1113 400 1215 spatium
429 1111 592 1213 quinque
616 1110 677 1187 alii
697 1121 856 1214 quatuor
874 1136 1058 1188 annorum
1076 1109 1308 1208 intelligunt.
1352 1108 1564 1201 Quaeritur

148 1239 259 1338 igitur
277 1247 401 1314 utrum
421 1238 616 1338 Lyeurgus
635 1235 848 1337 quindecim
866 1263 915 1313 an
935 1235 1130 1314 duodecim
1158 1233 1265 1312 annis
1294 1233 1428 1309 fuerit
1448 1258 1562 1333 quae·

149 1363 255 1441 ator?
283 1363 407 1458 Quum
435 1373 561 1439 tamen
588 1361 775 1439 Diodorus
803 1360 948 1439 Siculus
979 1359 1106 1454 (XVI,
1125 1359 1199 1455 88)
1219 1358 1267 1436 de
1289 1359 1493 1460 Lycurgo
1514 1359 1562 1436 di·

149 1498 226 1583 cat,
247 1488 347 1589 quod
367 1487 561 1564 duodecim
580 1487 688 1564 annis
707 1485 867 1565 redditus
887 1487 1046 1564 civitatis
1066 1510 1151 1564 cum
1169 1483 1281 1563 laude
1305 1484 1563 1562 administra-

151 1616 247 1691 verit
274 1609 448 1709 (δώδεκα
477 1614 539 1703 ἔτη
566 1609 633 1700 τὰς
662 1608 875 1711 προσόδους
893 1611 956 1704 τῆς
976 1608 1118 1700 πόλεως
1138 1608 1346 1700 διοικήσας
1370 1618 1564 1689 ἐπαινου-

146 1742 299 1835 μένως),
329 1752 367 1817 et
388 1767 502 1841 quum
522 1740 717 1817 duodecim
745 1743 832 1816 anni
862 1767 937 1817 non
965 1741 1112 1843 possint
1130 1764 1197 1843 per
1216 1740 1408 1840 quinque
1430 1743 1475 1817 in
1495 1752 1564 1817 tres

151 1867 327 1968 aequales
346 1879 474 1970 partes
494 1867 629 1963 dividi,
658 1869 756 1968 quod
785 1893 853 1970 per
881 1877 1041 1970 quatuor
1070 1864 1265 1944 commode
1303 1867 1397 1943 fieri
1430 1879 1565 1970 potest,

127 1979 129 1984 ’
152 1993 260 2071 facile
280 2003 384 2096 patet
402 1995 471 2071 sub
490 1991 746 2095 pentaeteride
776 1994 875 2095 apud
904 1993 1145 2070 Plutarchum
1172 2003 1345 2093 quatuor
1371 2018 1567 2071 annorum

150 2121 312 2222 spatium
331 2146 412 2197 esse
432 2119 726 2220 intelligendum.

257 2264 362 2359 Quae
379 2291 493 2366 quum
511 2265 563 2340 ita
581 2289 620 2340 se
639 2263 821 2357 habeant,
851 2262 890 2338 in
909 2264 992 2363 lege
1013 2262 1130 2339 267-6.
1148 2262 1186 2337 in
1206 2263 1343 2338 locum
1359 2257 1427 2359 μή
1451 2243 1567 2338 πλείω

152 2391 259 2468 πέντε
278 2385 375 2462 ε’τῶν
393 2389 632 2467 scribendum
660 2415 739 2465 esse
769 2389 945 2490 conjicio:
970 2381 1025 2484 μή
1046 2388 1161 2461 πλείω
1180 2383 1505 2486 πεντετηρίδος,
1533 2388 1568 2466 id

151 2526 227 2593 est:
256 2541 331 2591 non
350 2514 511 2617 amplius
531 2515 784 2617 quadriennio.
824 2515 1002 2608 Quamvis
1030 2514 1143 2613 igitur
1161 2514 1200 2589 in
1219 2539 1310 2591 mea
1330 2493 1469 2594 latina
1489 2545 1567 2596 ver·

151 2643 255 2720 sione
281 2640 374 2719 haec
401 2643 518 2719 verba
545 2668 601 2720 ne
631 2653 843 2742 quatuor
870 2642 1013 2717 annis
1041 2638 1257 2741 amplius
1289 2667 1380 2718 non
1404 2671 1568 2722 consen·

150 2768 246 2845 tiant
266 2793 349 2843 cum
368 2767 490 2843 verbis
505 2761 558 2863 μή
580 2769 696 2840 πλείω
716 2769 824 2840 πέντε
844 2763 960 2853 ἐτῶν,
993 2763 1084 2842 nihil
1113 2777 1238 2841 tamen
1258 2765 1304 2841 in
1326 2767 1475 2846 latinis
1494 2795 1568 2846 ver·

151 2892 209 2967 bis
228 2891 446 2967 mutandum
464 2903 537 2985 est,
572 2894 659 2992 quia
678 2918 756 2966 rem
775 2893 923 2969 veritati
942 2903 1232 2969 consentaneam
1253 2894 1508 2994 exprimunt.

739 3103 815 3187 Ae
835 3103 949 3186 208.

259 3268 442 3361 Quaestor
461 3267 520 3342 hic
541 3268 700 3344 occurrit
719 3269 881 3370 primum
901 3278 1021 3345 aetate
1052 3264 1247 3345 duodecim
1267 3271 1482 3367 tribuum,
1512 3301 1564 3349 ar·

152 3395 287 3470 chonte
308 3392 475 3489 Eubulo,
506 3406 591 3495 post
610 3393 760 3497 Olymp.
784 3396 870 3488 123,
891 3397 925 3470 2.

738 3605 813 3689 Ad
835 3607 950 3689 200.

259 3771 372 3873 Oorp.
398 3772 563 3874 inscript.
593 3800 648 3870 gr.
677 3775 741 3849 Nr.
772 3774 842 3848 92:
871 3773 924 3856 εἰς
952 3764 1024 3858 τὴν
1052 3763 1290 3871 ἀναγραφὴν
1324 3766 1396 3860 τῆς
1429 3772 1559 3864 στήλης

153 3891 292 3968 δοῦναι
320 3890 391 3970 τὸν
419 3898 564 3993 ταμίαν
590 3893 661 3972 τοῦ
693 3891 814 3994 δῆμον
843 3899 942 3971 ΔΔΔ
970 3890 1142 3992 &pappus
1171 3899 1216 3968 ἐκ
1241 3891 1327 3969 τῶν
1346 3896 1463 3973 κατά
1485 3922 1558 3999 ψη·

153 4023 326 4118 φίσματα
348 4016 664 4121 ἀναλισκομένων
685 4022 739 4120 τῷ
760 4019 876 4120 δήμῳ.

261 4166 453 4270 „Utraque
473 4168 583 4246 dictio
603 4170 656 4252 εἰς
675 4161 722 4240 τοὶ
743 4162 847 4241 κατὰ
878 4169 1103 4266 ψηφίσματα
1132 4178 1169 4244 et
1187 4159 1293 4238 κατὰ
1314 4172 1554 4269 ψηφίσματα

152 4317 269 4391 aeque
298 4294 493 4372 commoda
522 4312 577 4372 est
605 4307 642 4370 et
669 4296 893 4372 sententiam
922 4294 1075 4370 eandem
1105 4292 1281 4394 praebet:
1313 4296 1555 4395 significatur

153 4417 323 4494 enimea
350 4418 583 4520 publicae
610 4423 853 4522 pecuniae
883 4448 1015 4523 pars,
1046 4444 1171 4520 quae
1199 4419 1457 4521 impensis
1486 4424 1553 4498 de·

153 4543 342 4620 stinata
369 4558 477 4622 erat
504 4572 598 4622 non
625 4545 735 4644 lege
765 4545 1114 4648 praescriptis,
1152 4543 1234 4619 sed
1263 4550 1550 4650 populisci-

153 4684 200 4747 to
214 4671 349 4773 jussis,
380 4698 490 4772 quam
512 4699 580 4748 nos
601 4671 1060 4748 extraordinariam
1081 4668 1297 4745 vocamus.“
1331 4673 1552 4753 Boeckhins

154 4796 265 4898 Corp.
284 4798 448 4899 inscript.
470 4800 488 4875 I
519 4827 554 4898 p.
578 4796 665 4874 151.

741 4954 816 5038 Ad
836 4956 951 5036 270.

261 5123 394 5203 Suidas
416 5151 444 5200 s.
464 5149 498 5200 v.
520 5113 835 5218 Ἕλλενοταμίαιι
864 5119 926 5197 Sic
947 5122 1197 5215 vocabantur,
1216 5122 1282 5220 qui
1303 5129 1519 5224 pecuniam
1537 5154 1555 5203 e
