3436 5790
416 473 722 531 comum-ramus
742 473 796 527 sn
806 441 998 639 ,ιωιὺζιωα
1016 470 1098 531 soor.
1117 471 1201 536 tosa
1220 471 1300 530 roro.
1471 456 1549 535 {stt

747 660 822 744 Ad
839 662 972 745 1001.

268 822 441 904 Aeschln.
469 825 509 901 in
537 825 704 928 ctesiph.
737 821 770 927 ξ.
791 825 863 901 343
891 815 1005 921 ὃμὲν
1033 829 1245 923 νομοθέτης
1263 823 1411 903 κελεύει
1431 832 1474 902 ἐν
1492 826 1550 926 τῷ

160 941 268 1046 δήμῳ
287 953 330 1023 ἐν
353 953 486 1027 Πυκνὶ
514 947 562 1045 τῇ
591 951 777 1053 ἐκκλησίᾳ
807 944 1087 1050 ἀνακηρύττειν
1113 948 1185 1028 τὸν
1211 942 1291 1028 sind
1320 952 1394 1027 τοῦ
1424 951 1549 1048 δήμου

160 1070 500 1172 στεφανούμενον,
540 1067 684 1151 ἄλλοθι
714 1074 753 1152 δὲ
778 1071 974 1174 μηδαμοῦ.
1014 1078 1153 1172 (Jubet
1180 1081 1392 1179 legislator,
1422 1089 1462 1155 ut
1488 1081 1550 1180 qui

159 1227 183 1278 a
200 1201 340 1304 p'opnlo
360 1214 577 1301 coronetur,
606 1204 652 1285 de
682 1231 727 1284 so
755 1204 855 1309 apud
880 1205 1061 1308 populum
1078 1205 1118 1280 in
1136 1206 1267 1306 Pnycc
1285 1207 1464 1282 concione
1484 1206 1549 1279 ha·

160 1326 241 1403 bita
259 1329 503 1428 praeconium
521 1332 604 1426 fiat,
636 1332 725 1409 alibi
744 1356 834 1409 vero
853 1331 1070 1433 nusquam.)

271 1452 316 1530 G.
338 1454 384 1532 G.
406 1449 723 1542 Παιταδὸιτουλος
743 1457 890 1535 doctam
908 1456 1022 1533 habet
1040 1454 1337 1533 dissertationem
1357 1454 1403 1529 de
1424 1456 1549 1554 Pnyoe

160 1578 199 1654 in
224 1573 420 1676 Πανδώρᾳ
441 1579 671 1661 Atheniensi.
700 1581 807 1661 Tom.
830 1582 890 1658 18.
910 1608 947 1684 p.
969 1581 1057 1657 161.

742 1790 819 1878 Ad
838 1793 984 1876 loos.

271 1955 443 2037 Aeschin.
462 1960 502 2034 in
521 1958 687 2063 Ctesiph.
709 1954 742 2061 §.
764 1960 835 2036 11:
858 1951 961 2042 Τούς
979 1948 1227 2042 ὑπευθύνους
1241 1952 1295 2053 μὴ
1316 1951 1548 2052 στεφανοῦν.

162 2081 240 2177 (Ne
261 2083 323 2182 qui
342 2084 505 2161 rationes
524 2084 692 2162 nondum
710 2086 918 2163 retulerunt
937 2109 1078 2161 corona
1096 2082 1314 2178 donentur.)

269 2208 461 2286 Demosth.
490 2208 535 2286 de
564 2208 724 2287 Corona.
753 2239 789 2312 p.
811 2211 910 2286 243:
942 2205 1030 2282 Τῶν
1055 2202 1189 2306 νόμων
1208 2202 1289 2281 οὐκ
1305 2204 1459 2283 ἐώντων
1476 2203 1550 2282 τὸν

160 2320 393 2406 ὖιιεύθυνον
412 2333 643 2427 στεφανοῦν.
685 2337 832 2430 (Quum
858 2334 1006 2433 legibus
1033 2335 1274 2412 interdictum
1302 2335 1370 2430 sit,
1400 2360 1448 2411 ne
1468 2336 1551 2435 quis

162 2469 250 2536 ante
268 2460 403 2537 relatas
422 2447 586 2538 rationes
605 2461 839 2552 coronetur.)

741 2671 818 2756 Ad
833 2673 977 2756 1⁰0⁷.

270 2834 391 2914 Schol.
411 2837 450 2912 in
470 2836 703 2940 Aristophan.
727 2839 835 2916 Aves.
856 2837 979 2914 1075:
1008 2830 1079 2910 ἐάν
1096 2833 1154 2920 τίς
1179 2860 1267 2908 τινα
1284 2833 1364 2910 τῶν
1381 2841 1461 2922 τοῖς
1479 2862 1549 2911 τυ·

163 2957 319 3064 ράννοις
347 2959 621 3063 προσηκόντων
649 2958 882 3061 ἀποκτείνῃ,
915 2956 1322 3062 salamantinam·
1362 2956 1449 3038 οἷον
1476 2959 1549 3066 γύ-

164 3114 299 3178 ναιον,
329 3083 523 3182 ἀδελφὸν,
552 3093 713 3181 τέκνον,
743 3085 835 3177 τούς
862 3090 1128 3187 συνωμοσίους
1155 3091 1225 3162 καί
1255 3082 1550 3188 συμπράξαντας

162 3213 210 3312 τῇ
227 3213 438 3316 τυραννίδι.
477 3219 538 3312 (Si
568 3221 648 3319 quis
676 3220 840 3321 aliquem
858 3246 879 3296 e
897 3229 1142 3321 tyrannorum
1161 3217 1425 3312 familiaribus,
1454 3219 1549 3294 scili-

165 3353 224 3420 cet
241 3369 414 3438 uxorem,
435 3344 604 3440 fratrem,
632 3345 796 3447 prolem,
826 3344 1038 3445 conjuratos
1057 3354 1096 3420 et
1113 3344 1304 3445 adjutores
1323 3342 1549 3443 tyrannidis,

164 3468 361 3561 occiderit,
390 3469 567 3545 talentum
588 3471 777 3572 accipiet)

261 3590 328 3671 Of.
357 3595 719 3672 Westermanu:
754 3597 813 3672 De
841 3593 944 3697 publ.
973 3593 1110 3673 Athen.
1139 3594 1269 3672 honor.
1299 3603 1337 3670 et
1363 3593 1548 3693 praemiis.
1665 3638 1673 3667 ι

165 3718 336 3820 (Lipsiae
358 3718 492 3812 1830.)

741 3823 818 3908 M
835 3826 978 3919 1⁰08.

271 3982 484 4063 Secundum
511 3985 708 4064 Platonem
735 3982 918 4088 (Leges
938 3985 1049 4079 934.)
1072 4009 1279 4088 poenam
1297 3984 1452 4090 quisque
1473 3985 1548 4066 cui·

164 4137 234 4214 que
254 4112 437 4189 maleficio
464 4110 704 4190 correctionis
732 4135 844 4189 causa
871 4111 1086 4214 adjunctam
1112 4110 1264 4214 insuper
1282 4112 1457 4215 pendito,
1486 4116 1549 4216 qui

163 4235 319 4314 stultitia
336 4237 433 4313 male
453 4235 543 4314 fecit
570 4237 693 4314 aliena
721 4237 961 4339 persuasione
988 4235 1145 4338 propter
1165 4233 1405 4336 juventutem
1423 4236 1484 4315 rel
1502 4240 1549 4318 sl·

163 4364 241 4440 mili
260 4362 307 4440 de
326 4389 438 4440 causa
461 4388 568 4458 usus,
598 4364 861 4462 leviorem,
892 4363 954 4464 qui
984 4362 1033 4437 ob
1061 4362 1251 4465 propriam
1279 4365 1472 4442 stultitiam
1499 4367 1549 4444 ob

163 4488 488 4591 intemperantiam
517 4487 751 4589 voluptatum
770 4489 831 4566 vel
850 4488 1020 4567 dolorum
1039 4489 1078 4562 in
1097 4488 1356 4566 formidinibus
1374 4490 1549 4591 ignaviae

163 4615 225 4690 vel
254 4614 516 4716 cupiditatibus
543 4616 603 4691 vel
631 4617 779 4694 invidiis
807 4618 869 4693 vel
896 4639 1009 4716 aegre
1036 4617 1317 4718 compescendis
1336 4616 1549 4697 iracundiae

162 4741 390 4834 tumoribus,
418 4742 710 4840 graviorem.

740 4909 817 5000 as
834 4911 969 4999 roro.
1115 4891 1118 4895 ’

271 5079 461 5158 Demosth.
481 5078 733 5159 c.*'l*imocrat.
756 5082 854 5157 752:
882 5086 962 5164 τοῖς
983 5078 1058 5175 μὲν
1087 5073 1242 5163 δούλοις
1268 5073 1313 5151 τὸ
1343 5076 1450 5177 σῶμα
1467 5074 1546 5155 τῶν

164 5195 411 5302 ἀδικημάτων
437 5196 621 5279 ἁπάντων
647 5195 880 5281 ὑπεύθυνόν
906 5208 1008 5295 ἐστι,
1034 5213 1114 5290 τοῖς
1137 5199 1173 5284 δ’
1192 5206 1407 5300 ἐλευθέροις
1426 5196 1547 5283 daca.-

1293 5325 1335 5390 35
