3436 5790
548 422 786 479 ruaminruu
804 423 1057 479 runrcronuu.
1284 474 1286 481 ,
1416 398 1493 475 162
1551 388 1556 399 ’

760 616 782 688 6
839 674 847 691 .

214 725 255 804 Si
279 728 361 829 quis
380 726 542 830 aliquem
560 615 971 803 contumelialiffecerit
988 727 1067 803 sive
1086 751 1242 828 puerum
1261 726 1339 804 sive
1359 725 1488 803 mulie·

108 877 189 932 rem
206 853 285 929 sive
304 853 426 930 virum
442 852 625 953 ingenuos
645 860 710 927 ant
727 875 878 947 servos,
907 863 972 943 aut
998 851 1140 954 aliquid
1166 852 1313 952 legibus
1340 849 1493 935 interdi-

110 990 211 1055 ctum
237 980 276 1054 in
303 979 436 1055 horum
463 978 625 1077 aliquem
653 975 861 1073 admiserit;
890 1001 975 1055 eum
1003 977 1213 1082 quicunque
1247 977 1349 1052 volet
1377 972 1491 1053 Athe·

109 1104 315 1199 niensium,
344 1103 404 1178 cui
429 1103 540 1197 licet,
567 1101 712 1185 deferat
739 1100 837 1201 apud
865 1100 1165 1178 Thesmcthetas.
1181 1085 1186 1104 ¹
1203 1101 1493 1177 Thesmothetae

109 1240 232 1307 autem
254 1231 440 1305 actionem
458 1227 558 1330 apud
578 1227 773 1304 Heliaeam
791 1226 880 1302 dent
898 1227 998 1303 intra
1017 1226 1095 1302 dies
1113 1227 1279 1326 triginta,
1299 1227 1346 1301 ab
1367 1250 1411 1300 eo
1432 1225 1492 1300 die

108 1381 181 1457 quo
198 1356 387 1446 waccusatio
407 1353 521 1429 allata
539 1352 670 1447 fuerit,
700 1352 770 1431 nisi
798 1344 991 1458 publicum
1018 1352 1159 1454 aliquid
1183 1350 1383 1455 impediat,
1412 1360 1491 1425 tum

108 1505 199 1556 vero
219 1491 261 1556 ut
279 1480 438 1583 primum
458 1477 537 1555 fieri
562 1476 708 1582 poterit.

760 1585 847 1662 620.

206 1687 396 1783 Ἔνδειξις
416 1694 510 1767 ἔστω
532 1688 621 1791 πρὸς
641 1688 732 1779 τούς
753 1695 1012 1790 θεσμοθέτας,
1042 1688 1111 1766 ἐάν
1128 1720 1184 1777 τις
1202 1683 1304 1788 όῖρχῃ
1324 1684 1495 1783 ὀφείλων

109 1815 164 1917 τῷ
184 1815 374 1916 δημοσίῳ·
404 1819 440 1892 oi
460 1815 498 1891 δὲ
521 1823 754 1915 θεσμοθέται
773 1814 864 1903 sotir
889 1813 1158 1912 ἐνδειχθέντας
1186 1813 1422 1920 εἰσαγόντων
1441 1818 1494 1903 εἰς

109 1941 153 2018 τό
173 1941 430 2041 δικαστήριον.
775 1945 987 2040 (Demosth.
1006 1971 1035 2021 c.
1055 1943 1255 2022 'Pimocrat
1277 1943 1386 2038 707.)

760 2106 784 2177 6
813 2107 849 2181 0.
1206 2159 1208 2165 .

214 2217 343 2292 Liceat
361 2216 545 2291 actionem
564 2107 810 2289 iudicationis2
815 2214 1009 2289 instituere
1029 2215 1129 2314 apud
1147 2214 1433 2291 Thesmcthetas
1452 2216 1492 2289 in

109 2342 310 2433 aerarium,
333 2340 396 2441 qui
412 2341 670 2440 magistratum
688 2339 857 2436 gesserit.
896 2337 1188 2431 Thesmothetae
1208 2350 1334 2415 autem
1352 2339 1490 2426 indica-

111 2480 167 2544 tos
186 2465 425 2543 introducant
442 2465 481 2539 in
495 2463 690 2564 judicium.
1338 2459 1343 2475 '

759 2571 847 2646 621.

209 2691 310 2770 Ἐάν
327 2725 381 2783 τις
400 2693 478 2770 τῶν
498 2690 735 2789 ὀφειλόντων
754 2693 809 2794 τῷ
829 2692 999 2793 δημοσίῳ
1013 2692 1068 2792 μὴ
1091 2699 1243 2783 ἐκτίσας
1271 2692 1315 2769 τό
1336 2688 1493 2797 όφλημα

111 2821 153 2920 τῇ
181 2818 287 2898 πόλει
316 2818 548 2917 ἐξαλειφθῇ,
587 2819 686 2896 εἶναι
723 2825 810 2895 κατ’
840 2814 965 2896 αὐτοῦ
1000 2817 1066 2909 τοὶς
1104 2815 1253 2925 γραφὰς
1284 2817 1376 2920 π’ρός
1404 2817 1493 2906 τούς
1538 2845 1539 2849 ’
1641 2814 1645 2821 ’

113 2952 350 3047 θεσμοθέτας
368 2946 439 3023 τοῦ
460 2940 667 3052 ἀγραφίου.
743 2949 955 3044 (Demosth.
975 2976 1005 3026 c.
1025 2948 1224 3028 Theocrin.
1248 2946 1383 3043 1388.)

215 3219 254 3295 Si
274 3222 357 3320 quis
376 3220 517 3296 aerario
545 3111 863 3296 debentium6121ii1
891 3221 1014 3297 soluto
1033 3220 1261 3321 reipublicae
1281 3221 1408 3297 debito
1428 3220 1490 3295 de-

111 3345 248 3438 leatur,
283 3345 391 3421 detur
418 3344 456 3420 in
486 3369 569 3422 eum
597 3342 695 3419 actio
724 3345 886 3421 nominis
914 3370 989 3420 non
1022 3344 1150 3445 scripti
1180 3344 1280 3446 apu'd
1310 3320 1493 3421 Thesmo-

110 3469 240 3548 thetas.

756 3578 843 3654 622.

219 3709 308 3791 Τοῖς
327 3700 506 3802 ἐμπόροις
526 3706 592 3776 καί
611 3712 688 3788 τοῖς
709 3700 937 3802 ναυκλήροις
957 3700 1054 3778 εἶναι
1076 3700 1142 3790 τός
1163 3700 1274 3789 δίκας
1295 3700 1385 3800 πρός
1406 3699 1494 3788 τούς

111 3833 376 3926 θεσμοθέτας,
409 3823 480 3904 ἐόν
510 3857 545 3901 τι
575 3822 788 3904 ἀδικῶνται
816 3835 859 3904 ἐν
886 3828 941 3928 τῷ
970 3835 1164 3928 ἐμπορίῳ,
1193 3824 1217 3919 ἢ
1244 3824 1403 3903 ἐνθένδε
1428 3856 1492 3901 ποι

109 3961 303 4043 πλέοντες,
333 3948 357 4044 ἢ
375 3956 561 4050 ἑτέρωθεν
579 3949 704 4050 δεύρο.
771 3957 984 4050 (Demosth.
1005 3958 1088 4034 adv,
1109 3955 1263 4058 Apatur.
1276 3956 1387 4049 892.)
1519 3997 1520 4000 “

760 4119 848 4193 622.

215 4227 485 4303 Mercatoribus
505 4237 542 4300 et
561 4227 799 4303 naviculariis
826 4227 921 4303 actio
946 4227 1057 4303 datur
1076 4226 1176 4328 apud
1197 4225 1494 4317 ThesmothetaS,

105 4353 138 4427 si
156 4378 230 4453 qua
248 4352 383 4452 injuria
401 4351 612 4428 afficiantur
629 4353 708 4428 sive
727 4351 814 4429 hinc
833 4353 908 4429 alio
929 4353 1151 4450 navigantes
1162 4352 1240 4427 sive
1251 4351 1399 4428 aliunde
1411 4351 1493 4428 huc.

759 4514 847 4589 623.

219 4633 306 4709 Τῶν
329 4632 524 4732 Ἀθήνῃσι
546 4639 796 4735 συμβολαίων
824 4634 891 4751 cois
920 4635 1032 4722 δίκας
1059 4634 1157 4711 εἶναι
1179 4634 1271 4735 πρός
1290 4632 1380 4725 τούς
1401 4641 1494 4712 θεσ-

104 4768 284 4857 μοθέτας.
481 4832 483 4837 .
704 4766 917 4860 (Demosth.
938 4766 1021 4841 adv.
1042 4768 1255 4842 Phormion.
1278 4766 1386 4858 920.)

533 4996 536 5003 .
757 4928 844 5003 623.
921 4912 925 4922 ’
1419 5004 1422 5009 .

213 5034 484 5110 Contractuunr
514 5033 670 5111 Athenis
700 5037 885 5113 sactorum
913 5035 1076 5113 actiones
1103 5037 1238 5113 dentur
1257 5038 1357 5139 apud
1376 5037 1493 5113 Thes-

108 5158 301 5235 mothctas.
1350 5181 1353 5188 '
