3436 5790
168 350 247 427 314
711 372 773 421 ros
791 369 1001 423 nnnnrcnrr.

166 565 252 641 dem
270 588 418 664 semper
435 563 546 639 etiam
564 558 703 662 templa
721 562 814 655 sint,
844 561 889 637 iis
917 563 1137 640 ceremoniis
1165 565 1285 659 cnlta,
1315 562 1454 662 quibua
1472 549 1543 641 coli

165 692 310 793 possint
328 699 477 791 praeter
496 709 579 780 eas,
609 711 702 785 quae
721 685 886 762 moribus
899 687 980 787 jam
999 700 1086 765 sunt
1103 701 1285 791 receptae.

793 849 908 925 1234.

274 969 374 1058 Τούς
393 968 560 1058 σπονδὰς
578 977 830 1067 ποιουμένους
850 966 1029 1069 ὀμνύναι.
1060 969 1292 1071 Ὀμνύντων
1312 971 1351 1050 δὲ
1370 971 1445 1050 τὸν
1462 979 1545 1049 ἑπι-

158 1097 305 1197 χώριον
324 1094 446 1197 ὅρκον
466 1096 640 1194 ἑκάτεροι
659 1092 730 1171 τὸν
743 1102 929 1200 μέγιστον
947 1105 985 1188 ἐξ
1005 1096 1164 1190 ἑκάστης
1182 1098 1333 1186 πόλεως.
1356 1092 1409 1174 ‘0
1428 1096 1463 1172 δ’
1474 1093 1544 1196 ὅρ-

163 1254 233 1310 κος
271 1226 364 1297 ἔστω
401 1217 491 1297 ὅδε·
537 1220 763 1320 ,ἐμμενῶ
809 1232 918 1308 ταῖς
964 1223 1253 1315 ξυνθὴκαις
1298 1230 1385 1298 καί
1432 1234 1543 1310 ταῖς

164 1346 410 1435 σπονδαῖς
437 1345 603 1432 ταῖςδε
633 1344 842 1432 δικαίως
871 1353 957 1422 ιιαῖ
987 1345 1212 1436 totana«

1076 1478 1265 1579 (Thucyd.
1285 1477 1331 1573 V,
1354 1479 1436 1570 18.)

798 1584 911 1658 1234.

269 1711 342 1804 Qui
361 1735 488 1811 pacem
515 1709 674 1803 faciunt,
698 1709 942 1810 jurejurando
971 1736 1054 1788 eam
1082 1721 1202 1788 ratam
1229 1711 1403 1788 habeant.
1442 1708 1545 1786 Utri·

162 1862 233 1937 que
260 1848 383 1913 autem
405 1833 667 1934 jusjurandum
696 1859 797 1907 more
827 1835 947 1934 patrio
967 1845 1179 1936 receptum,
1209 1836 1308 1936 quod
1327 1837 1366 1910 in
1386 1846 1546 1934 utraque

162 1962 311 2037 civitate
340 1959 543 2036 maximnm
570 1958 747 2052 habetur,
769 1960 908 2059 jurent.
948 1961 1220 2061 Juajnrandum
1245 1973 1371 2037 antem
1393 1961 1433 2035 in
1451 1959 1567 2035 haec'

162 2086 455 2186 verbajuretur:
486 2081 662 2179 ,stabo
690 2080 764 2159 his
792 2084 958 2182 pactis
982 2095 1128 2185 atque
1154 2085 1547 2163 hissoederibus

155 2212 294 2310 juste
324 2220 371 2286 et
398 2211 503 2286 sine
531 2209 681 2286 dolo“.

799 2317 913 2392 1235.

256 2435 342 2514 ’Ἢν
360 2437 453 2514 δέτι
474 2437 663 2539 διάφορον
691 2431 716 2536 ᾗ
744 2437 837 2537 πρὸς
862 2436 1071 2531 ἀλλήλους,
1101 2439 1244 2542 δικαίῳ
1264 2423 1457 2543 χρῆσθων
1476 2445 1546 2515 καὶ

161 2561 314 2671 ὅρκοις,
342 2572 440 2642 καθ’
461 2559 537 2640 ὅτι
557 2558 609 2640 ὃν
627 2563 863 2655 ξυνθῶνται.
1070 2569 1262 2669 (Thucyd.
1283 2570 1328 2665 V,
1351 2570 1437 2664 18.)

798 2729 911 2805 1235.

268 2855 308 2931 Si
326 2882 400 2956 qua
418 2881 508 2932 vero
528 2855 784 2932 controversia
800 2857 898 2932 inter
916 2879 979 2931 eos
999 2855 1158 2952 oriatur,
1182 2857 1266 2957 jnre
1296 2869 1413 2958 agant
1431 2869 1470 2934 et
1484 2859 1545 2957 ju-

161 2980 379 3082 rejurando,
409 2991 446 3057 et
464 2982 677 3077 conventis,
706 3008 800 3081 quae
820 2980 986 3058 fecerint.

797 3145 910 3220 1236.

267 3261 336 3356 Μὴ
366 3262 595 3341 σπένδεσθαι
622 3263 852 3365 βαρβάροις,
883 3277 1014 3366 μισεῖν
1041 3264 1086 3342 τὸ
1115 3272 1224 3371 γένος
1251 3259 1303 3354 οἷς
1332 3263 1543 3369 ἀλιτήριον,

161 3387 422 3467 ἀδιάλλακτον
441 3383 616 3494 ἡγεῖσθαι
637 3388 709 3467 τὸν
727 3389 818 3492 πρὸς
837 3389 1025 3484 ἀλλήλους
1045 3389 1225 3492 πόλεμον.
1566 3400 1569 3405 ’

847 3587 852 3597 .
937 3522 1113 3615 (Himerii
1133 3523 1264 3620 ecloga
1283 3519 1329 3617 V,
1353 3520 1434 3613 11.)
1560 3598 1563 3603 ,

797 3665 910 3741 1236.

267 3790 324 3866 Ne
343 3786 473 3865 foedus
491 3789 638 3865 ineatur
657 3815 741 3866 cum
760 3789 949 3887 barbaris,
968 3789 1035 3867 aed
1055 3789 1176 3866 odisse
1196 3799 1346 3893 oportet
1364 3789 1461 3866 hanc
1480 3813 1544 3864 na-

160 3921 319 4014 tionem,
358 3929 548 4018 tamqnam
576 3921 815 4016 sceleratam,
855 3930 1098 4021 motuumque
1128 3919 1268 3996 bellum
1295 3915 1543 4017 implacabili·

160 4057 217 4121 ter
236 4046 365 4121 alatur.

743 4253 958 4359 Τμῆμαβ.

568 4400 834 4502 Εἰρήνης
888 4399 1131 4502 νόμιμα.

772 4566 930 4579 ΜΛΛΛΛΛ)

755 4656 878 4735 Sectio
910 4659 944 4734 2.

666 4801 1032 4902 Pacisjura

793 4980 906 5057 1237.

262 5110 312 5197 ‘O
331 5119 508 5220 πρόξενος
529 5116 630 5196 πόλει
652 5117 814 5220 δημοσίᾳ
835 5129 1028 5221 προξενεῖ,
1058 5126 1101 5196 ἐν
1128 5114 1226 5217 α’ίλλῃ
1254 5119 1360 5197 πόλει
1379 5114 1458 5211 ὢν,
1490 5110 1542 5210 ὦς
