3404 5782
152 379 231 462 466
492 400 802 460 COMMENTARIUS
821 354 879 457 An*
895 405 959 460 342·-
978 402 1042 458 34⁶.
1062 403 1126 459 348.
1145 402 1209 457 849.

151 601 310 696 buebat,
340 600 403 700 qui
421 599 544 699 gentis
564 598 712 700 quidem
731 597 897 698 ejusdem
915 624 993 674 non
1013 608 1158 689 essent,
1188 605 1362 697 propter
1389 595 1574 672 virtutem

153 737 278 833 tamen
297 737 423 802 essent
441 725 566 824 digni,
599 724 661 824 qui
680 722 961 799 honorarentur.

741 932 818 1016 Ad
836 934 954 1016 ³42.

261 1099 384 1177 Schol.
404 1101 443 1176 in
465 1099 702 1202 Aristophan.
723 1097 835 1177 Aves.
865 1100 963 1172 450:
994 1096 1087 1183 ἔθος
1117 1088 1165 1186 ἦν
1190 1092 1290 1182 τούς
1321 1093 1571 1193 ταξιάρχους

144 1219 215 1322 οδιοὶ
234 1219 406 1320 κήρυκος
435 1216 687 1326 ἀπαγγέλλειν
705 1231 785 1307 τοῖς
805 1219 952 1295 ἑαυτῶν
982 1219 1225 1317 στρατιώταις
1243 1218 1298 1295 τοὶ
1323 1219 1572 1326 δεδογμένα,

153 1344 241 1424 οἷον
257 1346 328 1424 ’ποῖ
345 1346 404 1422 δεῖ
420 1344 653 1444 πορεύεσθαι
673 1351 741 1419 καί
763 1340 893 1420 πόσων
915 1337 1065 1445 ἡμερῶν
1082 1345 1141 1422 δεῖ
1153 1350 1256 1421 σιτία
1280 1354 1569 1445 προνοεῖσθαι.

151 1475 287 1569 (Moris
307 1488 404 1567 erat,
433 1486 475 1550 ut
495 1474 662 1551 ordinum
682 1473 794 1549 duces
819 1499 888 1576 per
915 1499 1138 1575 praeconem
1164 1476 1470 1551 annunciarent
1500 1475 1572 1577 pla-

152 1601 226 1677 cita
244 1601 319 1676 suis
338 1600 534 1695 militibus,
564 1599 723 1701 exempli
751 1601 871 1697 gratia
898 1625 972 1701 quo
1001 1611 1173 1702 oporteat
1191 1601 1403 1702 proficisci
1427 1614 1471 1679 et
1490 1617 1572 1704 quot

154 1723 298 1809 dierum
316 1725 454 1802 victum
475 1724 704 1826 providere.)

258 1846 368 1949 Apud
381 1847 696 1926 Lacedaemonios
716 1860 913 1949 praeerant
931 1849 1079 1925 selectis
1097 1849 1223 1949 gravis
1243 1861 1487 1930 armaturae
1508 1855 1569 1928 mi-

152 1973 277 2049 litibus
297 1973 565 2074 Hippagretae.
596 1973 822 2074 (Hesych.
850 2000 877 2048 s.
897 2001 933 2049 v.
955 1963 1236 2073 Ἶππαχρέται.)

258 2094 333 2173 Sed
358 2098 563 2174 secundum
591 2098 885 2199 Xenophontem
913 2098 1224 2194 (Lacedaem.
1255 2125 1406 2201 resp.
1442 2103 1513 2200 IV,
1532 2105 1570 2195 3)

152 2220 294 2323 Ephori
313 2222 506 2324 eligebant
525 2248 544 2298 e
564 2247 720 2298 numero
749 2248 895 2318 eorum,
925 2224 988 2323 qui
1017 2233 1137 2299 aetate
1158 2233 1269 2299 erant
1292 2239 1472 2325 vegeta,
1503 2244 1570 2306 tres

152 2347 271 2443 viros,
302 2373 395 2449 quos
423 2347 677 2449 Hippagretas
706 2348 904 2424 vocabant.
944 2348 1084 2424 Eorum
1113 2348 1274 2448 quisque
1308 2364 1487 2430 centum
1506 2356 1569 2431 sibi

151 2471 250 2549 viros
270 2470 480 2572 deligebat,
509 2497 552 2548 ac
581 2471 691 2548 simul
717 2472 930 2550 declarabat
948 2472 1190 2573 quamobrem
1210 2473 1313 2549 alios
1336 2481 1568 2579 praeferret,

151 2593 243 2672 alios
262 2596 441 2699 rejiceret.

741 2700 818 2784 Ad
836 2703 952 2787 ³40.

258 2864 369 2966 Apud
399 2864 716 2943 Lacedaemonios
747 2877 853 2945 erant
886 2864 1202 2966 Agathoergi
1239 2871 1338 2960 (seu
1373 2873 1565 2952 Beneme·

151 2988 231 3081 riti)
249 2990 349 3099 cives
369 3017 388 3066 e
408 2991 540 3067 militia
558 2992 721 3092 equestri
740 2993 903 3091 egressi,
932 3005 1055 3070 aetate
1074 3019 1221 3095 semper
1240 2997 1443 3098 maximi,
1464 3003 1565 3103 quin·

151 3139 222 3210 que
241 3115 459 3217 quotannis,
489 3114 552 3214 qui
572 3141 616 3191 eo
637 3141 757 3213 anno,
788 3143 861 3217 quo
890 3142 936 3193 ex
965 3117 1148 3215 equitibus
1167 3120 1412 3220 exiverunt,
1445 3129 1564 3230 reipu-

150 3237 267 3315 blicae
297 3266 409 3316 causa
436 3238 708 3341 Spartanorum
734 3243 828 3318 alius
858 3242 929 3320 alio
949 3243 1242 3319 dimittebantur.
1287 3248 1563 3340 (Herodot.

149 3363 178 3460 1,
200 3365 285 3459 or.)

738 3470 813 3554 Ad
833 3472 949 3555 ³48.
972 3519 974 3522 ·

256 3635 542 3738 Xenophon.
563 3636 617 3712 de
637 3638 880 3738 magistro
899 3638 1048 3740 aquit.
1068 3639 1095 3728 I,
1119 3639 1163 3712 8:
1183 3638 1287 3731 Quia
1308 3642 1461 3723 civitas
1482 3661 1558 3725 rata

149 3758 293 3835 difficile
314 3760 491 3859 quiddam
510 3788 603 3858 esse,
622 3763 751 3863 perfici
770 3763 862 3840 haec
877 3764 991 3840 asolo
1011 3765 1191 3863 magistro
1211 3766 1397 3863 equitum
1420 3775 1555 3867 omnia,

148 3883 317 3960 tribunos
337 3885 370 3959 ei
389 3885 520 3985 deligit
538 3887 735 3988 adjutores.

255 4009 429 4110 Equitum
450 4011 617 4112 magistri
636 4039 713 4090 non
731 4024 830 4088 sorte
855 4012 1098 4109 creabantur,
1128 4013 1194 4090 sed
1214 4017 1424 4121 suffragiis
1446 4025 1554 4124 elige·

148 4133 293 4210 bantur.
340 4136 495 4235 Legitur
528 4137 627 4213 enim
654 4137 694 4212 in
729 4137 932 4237 Hyperidis
970 4139 1137 4215 oratione
1174 4166 1245 4241 pro
1287 4143 1552 4252 Lycophrona

148 4258 336 4357 (fragm.
357 4262 445 4356 155,
467 4261 557 4354 13J:
585 4251 694 4357 ὑμεῖς
707 4287 758 4357 με
777 4257 930 4358 πρῶτον
943 4263 1019 4359 μὲν
1036 4259 1246 4362 φύλαρχον
1276 4271 1395 4362 ἔχει
1409 4303 1432 4372 ρ
1445 4302 1550 4349 οεο-

132 4378 349 4471 ·νήσατε,
379 4384 506 4459 ἔπειτα
535 4388 587 4472 εἰς
606 4384 769 4483 Λῆμνον
795 4387 1003 4484 ἵππαρχον.
1042 4391 1090 4466 Et
1118 4390 1218 4492 apud
1237 4393 1548 4478 Demosthenem

149 4509 267 4600 (adV.
288 4511 500 4614 Philipp.
522 4515 549 4602 I,
569 4543 605 4615 p.
627 4513 722 4608 47):
752 4506 830 4587 οὐκ
855 4517 1236 4610 ἐχειροτονεῖτε
1264 4514 1371 4595 δέκα
1393 4522 1547 4621 ταξιάρ-

143 4657 242 4724 χους
259 4638 328 4706 καί
349 4634 580 4740 στρατηγούς
598 4643 667 4713 καὶ
687 4637 909 4738 φυλάρχους
927 4645 997 4715 καὶ
1016 4637 1230 4738 ἱππάρχους
1251 4641 1358 4739 δύος

734 4854 811 4938 Aa
829 4853 945 4936 340.

253 4991 364 5093 Apud
393 4995 708 5077 Lacedaemonios
736 5001 878 5104 Ephori
908 5027 1025 5078 annos
1056 5004 1187 5080 aetatis
1215 5004 1455 5092 indicabant
1481 5042 1541 5118 pu·

146 5115 263 5214 blice,
292 5119 424 5219 quibus
444 5123 483 5198 in
502 5123 671 5201 militiam
690 5137 770 5203 tum
790 5128 996 5226 equitibus,
1027 5139 1104 5203 tum
1123 5129 1316 5230 peditibus
1337 5143 1475 5235 gravis
1493 5168 1542 5218 ar·
