3436 5790
754 410 961 465 concurro.
1468 388 1543 483 9111

809 601 897 681 919.

207 815 209 818 ,
270 745 445 827 Universi
472 751 595 852 igitur·
614 751 851 855 symmoritae
881 761 968 827 strnt
994 752 1095 829 mille
1120 751 1280 831 ducenti.
1315 753 1545 835 Dividuntur

162 885 288 950 autem
304 874 344 951 in
368 875 461 953 duas
487 888 633 979 partes,
662 901 815 976 quarum
845 875 1033 975 quaelibet
1059 879 1317 980 complectitur
1348 887 1543 957 sexcentos

162 999 280 1091 viros,
310 1000 388 1078 sive
418 1000 547 1077 decem
578 999 808 1101 symmorias.
845 999 989 1079 Harum
1017 1003 1179 1102 partium
1199 1003 1390 1102 quaelibet
1406 1005 1543 1081 iterum

163 1123 335 1199 dividitur
352 1127 392 1201 in
412 1126 503 1203 duas
527 1137 674 1227 partes,
702 1136 744 1201 ut
770 1126 961 1226 quaelibet
987 1137 1172 1203 tercentos
1201 1127 1468 1228 complectatur
1487 1125 1540 1202 vi-

162 1275 241 1342 ros,
270 1276 336 1326 seu
364 1250 526 1352 quinque
557 1252 787 1354 symmorias.
825 1249 874 1328 Hi
903 1261 1027 1328 autem
1045 1252 1202 1328 tercenti
1221 1279 1241 1328 e
1261 1250 1449 1328 ditissimis
1469 1253 1543 1329 sint

163 1375 289 1473 primi,
318 1369 387 1477 fqui
416 1402 507 1477 prae
535 1378 616 1454 aliis
642 1377 823 1454 tributum
849 1375 1064 1472 conferunt,
1104 1376 1311 1477 quibusque
1340 1377 1472 1476 reliqui
1501 1377 1540 1452 in

163 1501 333 1577 omnibus
352 1502 623 1605 obtemperant.
808 1609 885 1683 913

267 1752 342 1822 Καὶ
363 1751 399 1823 οἱ
419 1747 667 1846 δημοποίητοι
687 1745 946 1854 ἐγγράφονται
965 1745 1104 1839 εἰςτὰς
1124 1753 1345 1849 συμμορίας.

893 1876 1179 1977 (Ηαεροοειιϊίοι
1209 1877 1434 1972 συμμορία.)

804 2034 893 2112 919.

267 2180 389 2257 Etiam
408 2182 557 2258 civitate
577 2179 704 2258 donati
722 2178 975 2256 inscribuntur
993 2179 1032 2254 in
1052 2181 1282 2281 symmorias.
1339 2184 1345 2198 '
1422 2176 1427 2185 ’

803 2340 892 2415 914.

264 2488 299 2559 Δ
307 2482 488 2589 ιάγραμ
495 2481 562 2583 μά
589 2489 667 2558 ἐστι
695 2478 740 2558 τὸ
769 2479 1003 2580 ταττόμενον
1030 2488 1074 2557 ἐν
1090 2494 1173 2570 ταῖς
1194 2486 1421 2582 συμμορίαις
1440 2473 1541 2558 ὁπό-

159 2727 257 2807 ἇλλοί
280 2731 371 2834 πρὸς
388 2731 460 2827 τήν
481 2738 634 2834 τίμησιν
649 2732 715 2825 τῆς
735 2727 880 2818 οὐσίας.

264 2864 317 2934 Ac
330 2857 578 2964 αγραφεύς
601 2864 736 2959 μέντοι
755 2863 859 2935 ἐστίν
877 2849 899 2934 ὁ
920 2855 1207 2958 καθιστάμενος
1225 2863 1269 2934 ἐν
1288 2869 1369 2946 ταῖς
1388 2842 1540 2959 συμμο-

158 2989 254 3084 ρίαις
273 2991 335 3060 ἐπὶ
353 2985 410 3086 τῷ
437 2984 632 3086 διακρῖναι
660 2985 783 3065 πόσον
809 2991 967 3071 ἕκαστος
996 2981 1093 3085 ἀνὴρ
1122 2989 1356 3090 εἰσενεγκεῖν
1383 2981 1539 3081 ὀφείλει.

1130 3115 1432 3218 (Harpocratiu)

804 3224 893 3300 911.

262 3366 475 3470 Descriptio
504 3378 561 3442 est
586 3377 766 3444 statutum
798 3368 1003 3460 tributum,
1041 3365 1140 3466 quod
1169 3369 1472 3467 unumquemque
1497 3366 1537 3441 in

156 3495 364 3597 symmoriis
384 3494 552 3570 conferre
572 3503 731 3597 oportet.
769 3494 856 3570 Non
885 3505 1010 3571 autem
1036 3493 1137 3571 idern
1164 3493 1345 3569 tributum
1364 3492 1536 3569 omnibus

156 3618 377 3720 imperatur,
404 3617 468 3695 sed
491 3619 572 3694 aliis
591 3609 692 3693 aliud
711 3642 780 3717 pro
800 3642 914 3695 censu
933 3617 1164 3694 facultatum.
1495 3716 1498 3723 Ι

261 3745 481 3845 Descriptor
499 3755 623 3819 autem
642 3755 719 3838 est,
745 3743 810 3842 qui
835 3743 880 3819 im
894 3744 1101 3846 symmoriis
1120 3741 1376 3837 constituitur,
1407 3752 1447 3816 ut
1466 3746 1537 3815 ata

155 3881 254 3968 tuat,
284 3882 465 3971 quantum
483 3871 638 3971 quisque
657 3869 824 3945 conferre
844 3868 988 3946 debeat.
1010 3961 1018 3978 ,

799 4029 889 4107 915.

263 4170 1132 4275 01στρατηγοὶίγγράφοοσινεἰςσυμμορίαν.
1170 4171 1174 4176 ’
1461 4234 1464 4243 .
1496 4219 1520 4235 -.

777 4300 990 4413 (Demosth.
1011 4298 1096 4375 adv.
1118 4299 1248 4373 Boeot.
1268 4298 1297 4392 Ι,
1319 4297 1431 4388 997.)

800 4462 889 4541 915.
1026 4518 1029 4525 .

261 4592 509 4692 Imperatores
526 4590 738 4668 inscribunt
755 4590 795 4667 in
814 4589 1063 4692 symmoriam.

799 4751 888 4826 916.

186 4886 188 4889 ¹
264 4891 321 4968 Τοὶ
355 4892 659 4998 διαγεγραμμένα
692 4892 885 4994 τιμήματα
912 4901 993 4978 ταῖς
1021 4894 1278 4990 συμμορίαις,
1320 4883 1416 4964 ὅταν
1445 4882 1537 4979 δόξῃ

151 5021 205 5121 τῷ
227 5019 333 5120 δήμῳ
346 5019 506 5120 χρῄζειν
526 5018 746 5118 προσθήκης
764 5016 788 5113 ἢ
807 5019 1053 5117 ἀφαιρέσεως,
1062 5022 1132 5092 καί
1152 5021 1309 5093 ἕλωνται
1329 5011 1422 5101 τούς
1441 5010 1537 5086 τοῦα

152 5177 198 5223 το
218 5145 450 5248 πράξοντας,
475 5143 594 5222 τοῦτο
614 5138 877 5235 ἀνασύντα
888 5155 967 5235 ξιν
986 5143 1187 5225 καλοῦσιν.
1245 5142 1428 5236 (suidas.)
