3436 5790
628 405 937 460 counuursurus
956 407 1012 459 so
1029 404 1057 461 a.
1076 401 1104 461 a.
1481 375 1562 458 116

170 594 311 674 ciorum
328 600 596 678 communitate
615 594 742 702 puella
759 600 905 676 elocuta
922 599 1075 696 fruitur,
1101 590 1168 675 sed
1187 609 1318 701 patrm
1336 611 1559 679 wcemetur

171 721 270 824 ejus,
289 726 528 826 quiuxorem
547 725 662 802 duxit.
700 725 787 804 dam
817 749 906 802 vero
933 723 1021 801 olim
1047 735 1203 827 propter
1221 720 1447 802 desiderium
1466 749 1555 800 con·

168 860 368 948 venturum,
399 852 464 959 qui
481 852 659 930 iratribus
679 876 763 929 cum
781 850 970 928 sororibus
989 875 1071 928 esse
1090 849 1186 927 soliti
1206 860 1332 944 eraut,
1352 848 1423 927 alia
1441 873 1555 950 quae-

170 973 257 1052 dam
273 1000 484 1069 sacrorum,
509 975 557 1054 ad
577 1001 671 1078 qnae
690 975 786 1055 duae
805 976 874 1054 hae
893 986 1026 1076 gentes
1045 975 1309 1070 convenirent,
1337 973 1559 1059 institueba-

168 1109 228 1176 tm·
255 1102 519 1197 communitas,
549 1097 671 1204 eaque
695 1084 925 1205 phratria
953 1099 1223 1203 appellabatur.
1261 1099 1381 1198 Igitur
1408 1110 1558 1201 patra

168 1235 250 1303 orta
268 1231 326 1304 est
343 1253 391 1306 ex
410 1226 753 1336 consanguinitate,
784 1251 879 1328 quae
908 1227 1129 1330 parentibus
1146 1251 1230 1303 cam
1248 1223 1377 1302 liberis
1395 1220 1554 1301 interce·

169 1350 242 1451 dit3
273 1344 503 1456 phratria
529 1364 655 1432 autem
682 1381 703 1431 e
731 1335 1059 1454 consanguinitate
1095 1353 1251 1431 fratrum
1286 1374 1535 1453 sororumque
1546 1341 1561 1447 ξ

169 1477 331 1556 tribus
357 1488 483 1559 autern
510 1474 660 1576 (φυλή)
679 1488 722 1557 ‘et
750 1480 969 1595 tribules
996 1478 1199 1574 (ovibus)
1218 1478 1306 1556 olim
1324 1466 1413 1554 inde
1432 1476 1561 1554 nomi·

168 1603 264 1700 nati,
293 1603 394 1706 quod
411 1605 451 1683 in
469 1607 639 1685 civitates
657 1617 769 1708 atque
787 1602 920 1704 gentes
940 1606 1120 1683 coisnant
1263 1630 1266 1636 ⁴

274 1729 490 1823 (Mallem
515 1732 798 1834 fragmenta
820 1729 1105 1810 historicon
1130 1711 1288 1829 graec
1312 1729 1360 1809 11.
1382 1754 1418 1832 p.
1438 1722 1554 1823 168.)

788 1941 865 2036 Ae
892 1943 939 2033 6.
1028 1970 1030 1977 ·

272 2105 395 2210 Hujus
422 2107 638 2186 mutationis
666 2116 797 2186 auctor
824 2107 896 2187 ruit
914 2103 1129 2184 Glistlienes
1155 2100 1240 2210 post
1263 2094 1441 2210 expulsos
1459 2106 1551 2183 Pisi-

166 2229 360 2329 sustin,
389 2235 453 2336 qui
478 2246 574 2312 teste
592 2234 786 2314 liuodoto
813 2232 883 2329 (V,
900 2233 977 2327 66)
1002 2233 1153 2310 murtetis
1172 2234 1285 2309 etiam
1303 2231 1466 2310 tribuum
1486 2260 1552 2308 no·

166 2355 352 2454 mitibus,
375 2383 474 2460 quae
492 2359 541 2439 ab
560 2360 663 2438 Iouis
682 2359 788 2455 filiis,
821 2357 1008 2436 (deleaute
1029 2369 1067 2434 ct
1085 2357 1270 2457 Aegicore
1287 2370 1327 2434 et
1345 2356 1497 2456 Argoda
1514 2369 1557 2435 et

167 2480 348 2584 Hoplete‚
369 2496 476 2571 erunt
493 2484 707 2586 desumpta,
731 2484 781 2562 ab
800 2483 987 2583 indigenis
1006 2483 1180 2560 heroibus
1198 2509 1263 2560 eas
1282 2482 1559 2586 denominauitt

166 2626 240 2683 uno
258 2606 374 2710 Ajace
392 2623 570 2713 excepto,
599 2622 711 2713 quem
722 2592 739 2706 ,¹
761 2619 802 2686 ut
819 2609 983 2686 vicinum
1001 2617 1039 2686 et
1056 2608 1221 2706 socium,
1241 2631 1465 2709 quamquam
1485 2632 1548 2708 pe·
1631 2621 1635 2628 '

118 2737 121 2742 ’
166 2733 375 2832 uestinum,
404 2735 551 2838 adjecit
1492 2750 1495 2756 “

781 2855 858 2942 Ad
886 2856 932 2940 1.

272 3021 384 3127 Apud
408 3022 641 3102 Herodotum
670 3023 826 3126 legitur:
856 3018 949 3096 δέκα
978 3019 1018 3097 δὲ
1047 3024 1115 3095 καὶ
1143 3014 1235 3106 code
1263 3013 1405 3112 ὃῆμους
1432 3023 1548 3096 κατέ-

166 3168 255 3247 νιμε
271 3152 309 3234 ἐς
325 3142 392 3236 τὰς
411 3145 557 3244 φυλάς,
586 3152 691 3252 quasi
708 3152 748 3228 in
767 3151 970 3262 universim
988 3148 1135 3229 nonnisi
1153 3148 1281 3226 decem
1309 3147 1466 3226 fuissent
1485 3148 1548 3226 de·

164 3275 233 3371 mi,
263 3274 362 3375 quod
391 3275 592 3355 absurdum
620 3287 697 3374 est3
734 3300 849 3377 quare
879 3274 1047 3354 nonnulli
1076 3274 1126 3353 ita
1155 3284 1348 3351 mutarunt
1377 3273 1553 3352 ordinem
1702 3375 1703 3379 Ἴ

164 3399 383 3479 verborum:
410 3404 481 3475 καὶ
510 3396 602 3486 τούς
621 3396 762 3496 δήμους
781 3402 994 3497 κατέγεμεν
1010 3405 1046 3486 ἐς
1064 3394 1132 3484 τὰς
1150 3395 1246 3472 δέκα
1263 3388 1398 3491 φυλάς.
1436 3399 1547 3494 Quod

165 3525 291 3626 utique
309 3552 440 3606 verum
459 3536 534 3626 est3
563 3553 651 3605 nam
679 3540 717 3604 et
744 3506 952 3606 Scholiasta
978 3529 1016 3603 in
1040 3525 1236 3606 Aeschinis
1255 3523 1489 3628 Ctesiphoni.
1510 3531 1546 3620 4,

164 3650 262 3729 clare
282 3651 392 3730 dicit:
421 3647 515 3727 δέκα
542 3643 641 3744 ἦσαν
668 3654 791 3746 φυλαὶ
818 3653 1105 3750 καθεσταμέναι
1130 3645 1348 3740 Ἀθήνησιν
1375 3644 1454 3725 ἀπὸ
1482 3646 1548 3740 τῆς

165 3779 423 3864 Κλεισθένους
450 3779 662 3868 πολιτείας,
691 3779 745 3864 εἰς
772 3765 818 3862 ui
845 3769 1010 3865 ἅπαντες
1038 3768 1138 3868 ἦσαν
1159 3771 1390 3867 Ἀθηναίων
1418 3770 1546 3849 διανε-

164 3907 374 4002 aucupium.

267 4029 397 4108 Verba
419 4031 514 4132 legis
531 4055 639 4109 meae
658 4028 742 4108 dedi
761 4027 962 4108 secundum
982 4029 1280 4109 emendationem
1298 4027 1457 4133 Souppii
1478 4025 1544 4121 (de

161 4153 279 4236 demis
303 4157 455 4235 urbanis
473 4152 711 4237 Athenarum.
748 4158 899 4261 Lipsiae
921 4155 1033 4233 1846.
1062 4183 1100 4260 p.
1121 4155 1201 4250 16.)
1230 4178 1316 4232 oum
1344 4150 1557 4231 verisimile-

161 4285 226 4381 sit,
257 4282 491 4362 Herodotum
519 4283 642 4363 dicere
670 4283 856 4362 voluisse:
884 4283 1000 4361 denos
1029 4281 1158 4360 desnos
1187 4278 1363 4359 tribubus
1386 4277 1565 4381 singulis,

160 4408 358 4487 attributos
376 4407 502 4488 fuisse.
1524 4390 1527 4397 ¹

266 4535 496 4615 Clisthenem
534 4537 664 4617 decem
698 4535 825 4614 domos
857 4534 919 4612 vel
953 4533 1146 4613 domorum
1181 4543 1308 4636 partes
1347 4523 1547 4609 moenibus
1593 4605 1600 4617 ,

161 4659 388 4769 Athenarum
415 4662 629 4760 inclusisse,
659 4663 712 4739 ita
739 4674 782 4738 ut
808 4684 854 4739 ex
881 4662 1011 4764 quavis
1047 4660 1147 4737 tribu
1182 4684 1278 4737 nnus
1315 4650 1444 4734 demus
1483 4653 1544 4732 vel

159 4814 246 4891 pars
264 4789 372 4866 unius
390 4789 429 4866 in
444 4789 536 4867 urbe
556 4800 673 4884 esset,
696 4787 952 4885 demonstrare
971 4796 1124 4864 conatus
1144 4797 1201 4862 est
1220 4784 1409 4888 Sauppius
1429 4780 1542 4879 (ibid.

159 4935 195 5013 p.
217 4913 405 5007 131—19).
610 5017 613 5024 ι
1115 5010 1118 5017 Δ

267 5039 522 5141 „Clisthenem
552 5062 665 5142 quum
690 5062 827 5120 novam
856 5037 1032 5118 conderet
1058 5035 1187 5142 popuii
1207 5018 1447 5132 diuisionem,
1477 5061 1539 5112 ve·

157 5175 218 5243 tus
244 5162 472 5266 institutum,
502 5167 602 5274 quod
628 5169 795 5272 exceptis
822 5163 993 5245 tribubus
1020 5165 1133 5244 simul*
1152 5173 1442 5257 retentumest,
1470 5186 1541 5264 pro
