3436 5790
515 360 825 435 contrsurssros
844 378 896 432 sn
917 373 980 437 tte.
1000 376 1062 436 aso.
1082 371 1145 436 ste.
1164 370 1228 436 eoo.
1345 388 1348 393 ·
1480 338 1625 434 525'

169 599 267 651 nere.
310 574 581 669 (Plutarch.
609 573 955 675 apophthegm.
985 575 1141 652 lacon.
1170 603 1206 676 p.
1232 574 1320 649 217.
1350 570 1554 651 Alexan-

166 698 285 777 drid.
315 703 372 791 t.)
754 799 831 884 M
854 801 955 885 m

275 965 528 1070 Areopagitae
546 968 659 1065 igitur
672 967 893 1069 judioabant
910 968 1067 1069 singulis
1087 966 1278 1046 mensibus
1296 982 1449 1070 quarto,
1480 983 1553 1048 ter·

166 1093 217 1168 tio
238 1105 275 1168 et
293 1095 413 1193 pridie
435 1093 703 1188 Kalendarum,
725 1095 761 1172 id
782 1106 839 1168 est
858 1096 1039 1195 vigesimo
1059 1095 1229 1195 septime,
1251 1110 1384 1170 octavo
1406 1107 1554 1172 etnono

165 1220 304 1294 mensis
324 1220 393 1294 die.

728 1322 966 1411 ,Μ’Θδθ.
1071 1350 1074 1357 ’

268 1470 539 1597 ἴΒοίτὸρὴοτὶοη
567 1490 719 1566 ultimus
746 1490 815 1566 fuit
844 1491 932 1565 anni
960 1489 1119 1582 mensis3
1157 1492 1187 1564 si
1223 1489 1446 1590 igiturquia
1484 1489 1553 1566 hoe

165 1638 292 1689 mense
311 1613 495 1688 actionem
514 1613 709 1690 detulisset
736 1615 783 1691 ad
804 1615 1092 1714 magistratum,
1107 1614 1153 1688 is
1173 1639 1249 1689 non
1269 1616 1452 1714 potuisset
1470 1628 1555 1716 post

164 1739 320 1848 triginta
336 1738 434 1833 dies,
455 1741 660 1817 seeundum
678 1740 953 1842 praescriptum
972 1740 1083 1837 legis,
1103 1739 1288 1815 actionem
1308 1739 1355 1814 ad
1369 1740 1553 1840 judicium

164 1862 423 1957 introducere,
444 1864 530 1964 quia
549 1875 628 1940 tum
643 1867 723 1966 jam
743 1866 832 1939 novi
851 1847 1110 1962 fungebantur
1126 1864 1373 1964 magistratus.

754 2074 830 2158 M
850 2076 966 2189 850.

273 2221 472 2298 Lucian.
502 2220 896 2321 Pseudologista
924 2222 994 2297 12:
1024 2223 1149 2317 Quum
1174 2248 1295 2323 neque
1313 2223 1551 2322 magistratus

164 2345 221 2420 sui
242 2346 388 2445 eopiam
417 2347 577 2442 faciunt,
608 2370 729 2446 neque
756 2371 891 2422 oarrsae
913 2346 1082 2447 judicari
1102 2362 1278 2448 possunt,
1307 2374 1429 2448 neque
1447 2374 1554 2425 saera

164 2486 414 2574 peraguntur,
441 2497 560 2571 neque
580 2471 732 2546 omni-no
751 2496 880 2546 earum
898 2497 1042 2564 rerum,
1069 2496 1163 2571 quas
1182 2471 1325 2548 faustas
1344 2496 1427 2549 esse
1448 2473 1552 2549 voln-

164 2623 265 2693 mus,
286 2597 482 2698 quiequam
502 2597 715 2696 peragitur3
740 2596 807 2671 illa
825 2595 904 2671 dies
923 2592 1123 2696 Apophras
1143 2593 1329 2688 (nefasta)
1347 2609 1417 2673 est

272 2721 471 2799 Suidas:
496 2715 742 2817 Ἀποφράδες
763 2711 892 2820 ἡμέραι
912 2733 1001 2797 sunt
1020 2721 1118 2812 dies,
1139 2721 1273 2822 quibus
1293 2720 1477 2798 defunctis
1496 2724 1550 2798 in-

163 2847 277 2923 feriae
297 2849 411 2945 fiunt;
440 2848 497 2923 vel
517 2848 596 2924 dies
615 2847 836 2949 inauspicati
857 2839 971 2943 (πρδς
987 2841 1140 2944 πράξεις
1159 2839 1444 2939 ἀνεπιτήδειοι).

270 2973 426 3050 Romani
445 2999 592 3075 quoque
613 2973 824 3050 habuerunt
841 3000 928 3050 suos
947 2973 1027 3048 dies
1045 2973 1162 3049 fastos
1184 2983 1223 3050 et
1249 2973 1424 3050 nefastos.
1463 2970 1552 3048 Dies

165 3097 263 3192 fasti,
284 3098 373 3174 dicit
394 3100 514 3176 Varro
535 3099 598 3192 (L.
613 3098 655 3175 L.
677 3102 713 3194 6,
734 3101 817 3192 29),
838 3126 907 3202 per
926 3126 1019 3199 quos
1037 3098 1273 3199 praetoribus
1291 3099 1417 3175 omnia
1435 3100 1552 3175 verba

163 3227 241 3300 sine
262 3225 410 3324 piaculo
429 3225 518 3300 lieet
536 3225 626 3321 fari3
655 3222 832 3303 contrarii
850 3222 982 3301 horum
1002 3236 1183 3300 vocantur
1202 3223 1352 3318 nefasti,
1372 3251 1440 3323 per
1459 3250 1551 3324 quos

163 3349 243 3427 dies
262 3350 366 3427 nefas
386 3350 457 3427 tari
477 3360 708 3450 praetorem:
736 3350 805 3444 do,
825 3349 929 3443 dieo,
946 3349 1091 3428 addico.
1149 3376 1152 3383 ·

750 3558 827 3643 au
848 3559 964 3683 aee.

272 3724 451 3824 „Metalla
470 3725 593 3805 Attica
612 3728 787 3831 privatis,
817 3729 962 3807 civibus
990 3738 1030 3805 et
1056 3728 1286 3820 t’ooseis'orr,
1315 3726 1552 3829 erepublica

163 3853 377 3930 venditione
397 3854 435 3928 in
456 3866 676 3957 perpetuam
695 3856 973 3958 possessionem
993 3854 1143 3931 addicta
1161 3865 1265 3949 sunt,
1294 3880 1371 3929 non
1390 3851 1438 3928 ad
1459 3863 1550 3928 tenr-

162 4006 232 4080 pus
251 3979 393 4074 locata,
413 3981 514 4080 quod
534 3982 623 4057 olim
643 3981 808 4059 fecerant
824 3978 1006 4078 Romnum
1035 3991 1072 4056 et
1091 3992 1237 4080 emptor
1255 3978 1417 4080 pretinm
1435 3979 1550 4054 semel

162 4131 231 4206 pro
247 4105 387 4183 metalli
397 4107 635 4208 possessione
652 4105 853 4210 pendebat,
870 4133 916 4185 ao
932 4117 1180 4209 perpetuo
1200 4105 1425 4203 vectigal
1443 4129 1551 4204 quar·

162 4243 224 4306 tae
244 4239 283 4305 et
300 4232 507 4330 vigesimae
531 4233 674 4310 metalli
690 4232 914 4312 ex-oaminis
942 4230 1233 4334 provenientis.“
1273 4227 1550 4326 (Boeekhii

161 4353 275 4457 Corp
292 4357 402 4433 inser.
421 4383 477 4455 gr.
497 4358 563 4434 Nr.
586 4357 694 4451 162.)

267 4484 446 4580 Ingentes
466 4482 580 4559 inisse
594 4485 631 4559 in
646 4482 928 4561 Atheniensium
946 4482 1090 4560 aerario
1111 4481 1300 4583 pecunias,
1320 4504 1415 4581 quae
1434 4507 1454 4557 e
1471 4504 1548 4557 me·

160 4604 256 4681 taliis
276 4617 305 4680 a
317 4607 465 4683 Laureo
487 4608 881 4703 redierant,'testatur
899 4607 1114 4685 Herodotus
1133 4605 1239 4701 (VH,
1262 4605 1370 4699 111).
1397 4603 1493 4682 Cum
1511 4605 1550 4681 in

161 4760 207 4808 eo
227 4760 285 4807 res
305 4744 423 4827 esset,
453 4745 493 4808 ut
512 4760 555 4810 ea
575 4734 735 4833 pecunia
762 4734 899 4809 viritim
927 4731 1074 4807 civibus
1090 4730 1342 4825 divideretur,
1371 4744 1409 4811 et
1436 4756 1548 4808 unus·

160 4859 316 4959 quisque
335 4857 465 4932 decem
495 4859 682 4958 acciperet
710 4857 926 4957 draohmas3
955 4869 1044 4931 tuno
1063 4856 1334 4933 Themistocles
1354 4881 1547 4957 perevase-

160 4995 220 5058 rat
238 4984 403 5076 civibus,
425 4994 488 5073 ut,
524 4983 662 5059 omissa
689 4984 754 5058 iila
781 4974 1061 5079 distributione,
1091 5008 1203 5057 nares
1234 5008 1279 5059 ex
1304 4983 1372 5058 hae
1392 4981 1549 5080 pecunia

161 5089 340 5185 ducentas
359 5108 601 5186 aedificarent
620 5109 666 5186 ad
685 5104 833 5185 bellum.
