3436 5790
621 472 672 527 DE
691 468 1005 529 surrulctuuouu.

707 751 911 842 Mc'poctfi'.

573 879 705 968 Περὶ
745 876 1041 968 ἱκετηρίας.

538 1241 605 1307 De
644 1239 1071 1328 supplicatione.

755 1406 867 1483 1196.

213 1541 309 1620 Ἐάν
328 1543 369 1619 δέ
384 1576 439 1633 τις
459 1545 609 1643 ἱκετεύῃ
629 1554 672 1622 ἐν
690 1545 735 1643 τῃ
754 1545 902 1644 βουλῇ,
934 1543 957 1637 ἢ
975 1554 1018 1622 ἐν
1033 1546 1088 1648 τῷ
1109 1545 1227 1649 δήμῳ,
1257 1552 1340 1647 περὶ
1361 1537 1419 1622 τόν
1437 1547 1498 1622 δι-

113 1669 320 1769 καστόριον
341 1665 364 1761 ἢ
384 1663 404 1763 ἦ
423 1668 568 1769 βουλὴ,
600 1667 623 1763 ἢ
641 1664 663 1748 ό
686 1670 801 1771 δῆμος
819 1679 1007 1777 κατέγνω,
1028 1670 1097 1748 ἐόν
1110 1676 1187 1771 μὲν
1205 1670 1323 1759 αὐτὸς
1343 1663 1365 1748 ό
1386 1669 1499 1768 όφεί·

113 1800 190 1871 λων
208 1795 379 1893 ἱκετεύῃ,
408 1801 500 1896 πρὶν
517 1804 689 1889 ἐκτῖσαι,
719 1797 884 1890 ἔνδειξιν
911 1797 1011 1874 εἶναι
1039 1807 1127 1874 κατ’
1147 1796 1287 1890 αὐτοῦ,
1315 1796 1497 1900 καθάπερ

111 1918 179 1997 ἐάν
206 1951 260 2008 τις
288 1918 457 2018 ὀφείλων
482 1925 535 2024 sq}
567 1922 736 2025 δημοσίῳ
768 1918 983 2017 ἡλιάζηται·
1011 1923 1084 2001 ἐόν
1104 1924 1138 1999 δ’
1158 1919 1274 2014 δλλος
1302 1918 1397 2023 ὑπὲρ
1425 1927 1497 2001 τοῦ

111 2041 334 2140 ὠφληκότος
353 2023 525 2145 ἱκετεύῃ,
555 2056 646 2146 πρὶν
663 2058 835 2139 ἐκτῖσαι,
865 2048 1029 2148 δημοσία
1051 2053 1144 2125 ἴστω
1170 2047 1295 2126 αὐτοῦ
1318 2043 1337 2142 ἢ
1361 2047 1496 2126 οὐσία·

111 2170 177 2247 ἐόν
205 2169 247 2246 δέ
272 2202 327 2259 τις
353 2172 432 2248 τῶν
457 2174 650 2274 προέδρων
678 2174 733 2274 δῷ
762 2181 839 2250 τινί
868 2172 940 2266 τήν
967 2179 1297 2272 ἐπιχειροτονίαν,
1334 2172 1357 2267 'l
1388 2173 1496 2276 αὐτῷ

111 2296 162 2401 τρὶ
181 2293 376 2394 ὠφληκότι
387 2357 397 2389 ,
428 2295 452 2390 ἢ
471 2293 576 2400 όίλλφ
596 2292 690 2398 ὑπὲρ
709 2303 865 2376 ἐκείνου
876 2356 887 2388 ,
917 2305 1007 2399 πρὶν
1026 2306 1194 2389 ἐκτῖσαι,
1224 2294 1357 2398 ἄτιμος
1386 2303 1491 2377 ἐστω.

773 2427 986 2521 (Demosth.
1005 2455 1036 2504 c.
1056 2427 1257 2505 Timocrat.
1278 2428 1388 2520 716.)

739 2587 853 2663 1196.

214 2731 254 2808 Si
272 2733 354 2834 quis
374 2743 499 2809 autem
519 2731 739 2834 supplicarit
756 2733 797 2808 in
824 2750 958 2808 senatu
978 2743 1042 2808 aut
1061 2731 1161 2834 apud
1179 2733 1365 2835 populum
1382 2732 1427 2807 iis
1447 2730 1493 2807 de

109 2857 237 2952 rebus,
258 2868 411 2959 propter
431 2884 522 2958 quas
535 2857 719 2959 judicium
739 2858 801 2933 vel
821 2870 971 2933 senatus
991 2859 1051 2934 vel
1072 2857 1231 2960 populus
1250 2860 1412 2959 aliquem
1430 2856 1493 2934 da·

108 2982 267 3078 mnavit3
294 2984 325 3058 si
343 2984 422 3083 ipse
443 2983 658 3072 damnatus,
681 2983 898 3083 priusquam
926 2984 1098 3079 solverit,
1129 2983 1366 3084 supplicarit,
1396 2982 1493 3058 actio

107 3107 144 3183 in
163 3133 249 3183 eum
269 3107 396 3202 detur,
426 3106 581 3209 perinde
610 3134 653 3184 ac
680 3107 712 3184 si
732 3110 813 3208 quis
833 3109 997 3185 aerarius
1015 3109 1054 3184 in
1074 3108 1231 3184 Heliaea
1242 3109 1407 3209 judicet3
1434 3107 1493 3183 sin

106 3231 198 3309 alius
227 3259 295 3334 pro
321 3233 465 3308 aerario
493 3233 764 3328 intercesserit,
793 3233 1010 3334 priusquam
1037 3234 1068 3310 is
1088 3234 1260 3328 solverit,
1291 3234 1394 3310 bona
1412 3233 1493 3333 ejus

107 3358 230 3433 omnia
249 3358 498 3460 publicentur.
535 3358 601 3435 Sin
621 3358 834 3460 praesidum
857 3359 990 3459 aliquis
1009 3359 1151 3435 dederit
1170 3359 1279 3435 alicui
1299 3356 1491 3434 siscitandi

105 3459 347 3583 potdstatem,
377 3485 455 3559 sive
475 3484 547 3584 ipsi
565 3484 707 3560 aerario
727 3483 806 3559 sive
826 3482 936 3560 ulioui
955 3510 1023 3584 pro
1043 3510 1087 3561 eo
1108 3483 1340 3584 deprecanti,
1369 3482 1488 3584 prius-

106 3635 215 3709 quam
233 3609 405 3704 solverit,
434 3609 702 3707 ignominiosus
722 3620 811 3686 esto.

742 3771 855 3848 1197.

217 3908 321 4002 Μηδὲ
333 3917 414 4011 περὶ
426 3910 504 3986 τῶν
519 3908 680 4011 ἀτίμων,
701 3905 802 3998 ὅπως
806 3909 884 4012 χρὴ
905 3917 1100 4011 ἐπιτίμους
1112 3907 1379 4000 αὐτοόςείναι,
1394 3909 1489 4007 μηδὲ

105 4043 186 4137 περὶ
215 4036 293 4112 τῶν
322 4035 559 4134 ὀφειλόντων
587 4050 666 4125 τοῖς
696 4045 822 4128 θεοῖς,
854 4033 877 4129 ἢ
904 4039 961 4138 τῷ
979 4037 1149 4138 δημοσίῳ
1168 4036 1222 4138 τῴ
1246 4033 1487 4136 Ἀθηναίων,

104 4169 186 4262 περὶ
216 4160 381 4258 ἀφέσεως
417 4164 492 4239 τοῦ
520 4161 740 4263 ὀφλήματος
767 4158 790 4256 ἢ
817 4161 977 4256 τάξεως,
1013 4161 1084 4245 ἐόν
1114 4161 1168 4262 μη
1209 4171 1487 4265 ψηφισαμένων

97 4284 325 4379 Ἀθηναίων
342 4287 413 4380 την
432 4283 566 4366 όίδειαν
585 4288 753 4389 πρῶτον,
777 4287 833 4390 μη
855 4293 1017 4366 ἔλαττον
1037 4294 1330 4386 ἑξακισχιλίων,
1360 4288 1417 4378 οἷς
1436 4287 1488 4367 δν

104 4411 215 4510 δόξῃ,
244 4413 419 4513 κρύβδην
449 4423 742 4515 ψηφιζομένοις·
771 4414 855 4493 τότε
875 4416 909 4492 δ’
929 4425 1067 4510 ἐξεῖναι
1087 4421 1358 4518 χρηματίζειν,
1388 4425 1485 4495 καθ’

105 4533 163 4613 ότι
184 4533 236 4614 δν
253 4539 297 4637 τῃ
316 4541 441 4640 βουλῃ
461 4548 529 4616 καί
550 4543 604 4644 τῷ
625 4542 732 4646 δήμῳ
752 4542 862 4641 δοκῇ.

764 4670 977 4766 (Demosth.
998 4700 1028 4750 o.
1047 4672 1248 4752 Timocrat.
1269 4670 1378 4765 715.)

739 4832 852 4909 1197.

208 4976 286 5051 Νεο
306 4977 351 5050 de
371 4977 627 5076 ignominiosis
655 5003 787 5076 agere,
817 4978 1011 5079 pristinam
1035 4978 1080 5054 iis
1099 4978 1320 5076 dignitatem
1339 4980 1483 5055 restitu-

102 5098 235 5174 endam
263 5126 362 5192 esse‚
393 5127 461 5174 nec
486 5127 632 5192 eorum,
661 5102 723 5202 qui
753 5100 821 5178 diis
849 5102 990 5179 debent
1018 5114 1082 5180 aut
1109 5105 1252 5180 aerario
1281 5103 1482 5180 Athenien-

101 5223 211 5321 sium,
232 5225 492 5311 remittendum
512 5223 680 5312 debitum
700 5236 766 5311 eut
784 5226 864 5313 dies
883 5227 1078 5308 solutionis
1096 5229 1363 5307 concedendos
1391 5256 1482 5328 esse,

1227 5353 1272 5423 20
