3436 5790
232 381 311 459 576
630 401 945 455 consuescamus
965 403 1018 452 ao
1040 396 1118 454 ltro.
1141 395 1219 453 117⁴.

339 594 543 688 Zaleucus,
565 593 756 695 legislator
775 592 1039 687 Locrensium,
1053 594 1181 693 jussit,
1202 604 1243 666 ut
1261 591 1431 668 adulterii
1452 591 1626 667 convicto

232 720 330 798 oculi
349 718 614 796 effoderentur.
657 717 753 795 Cum
773 744 862 793 vero
883 717 981 793 filius
1001 717 1081 820 ejus
1101 716 1298 795 damnatus
1319 715 1510 809 adulterii,
1538 740 1625 814 poe-

231 871 319 923 nam
338 871 358 921 e
378 857 538 947 paterna
556 845 640 943 lege
659 844 812 921 daturus
832 854 948 936 esset,
980 869 1048 938 ne,
1078 843 1176 942 quod
1196 844 1312 920 semel
1332 843 1516 919 sancitum
1537 851 1625 932 crat,

230 971 372 1047 irritum
392 971 515 1066 fieret,
544 972 624 1074 ipse
654 968 835 1046 Zaleucus
865 996 933 1071 pro
964 969 1082 1045 altero
1113 967 1304 1045 oculorum
1327 967 1392 1045 filii
1412 992 1518 1042 suum
1538 965 1626 1041 dare

230 1095 425 1191 sustinuit,
446 1107 552 1173 utne
572 1120 723 1197 prorsus
743 1103 1008 1195 excaecaretur
1027 1091 1256 1170 adolescens.
1287 1090 1498 1186 (Aelian.
1520 1088 1625 1166 Var.

149 1252 155 1262 ·
232 1218 343 1297 hist.
363 1221 469 1315 XIII,
491 1220 554 1313 24,
576 1221 632 1312 5.)

340 1362 453 1465 Apud
472 1362 656 1441 Cumaeos
677 1350 949 1463 deprehensam
968 1362 1006 1436 in
1026 1359 1209 1437 adulterio
1231 1359 1426 1437 mulierem
1444 1359 1484 1436 in
1504 1359 1624 1436 forum

231 1487 490 1595 producebant
518 1499 555 1563 et
583 1488 621 1562 in
650 1485 776 1589 lapide
808 1485 979 1563 omnibus
1017 1485 1222 1587 conspicuo
1260 1480 1462 1578 sistebant,
1491 1479 1626 1560 deinde

231 1614 335 1690 asino
364 1613 578 1715 impositam
607 1612 709 1690 circa
737 1611 870 1689 urbem
889 1610 1239 1708 circumducebant,
1269 1622 1402 1714 postea
1419 1633 1568 1684 rursum
1586 1608 1624 1681 in

232 1738 365 1817 eodem
393 1736 523 1844 lapide
546 1747 669 1846 astare
701 1746 850 1825 coacta,
879 1735 1028 1813 infamis
1047 1760 1115 1836 per
1135 1747 1252 1814 totam
1270 1734 1478 1813 habebatur
1496 1733 1623 1828 vitam,

232 1874 270 1940 et
288 1864 497 1941 vocabatur
524 1860 795 1955 Onobatis,
823 1860 862 1936 id
882 1871 956 1955 est,
991 1861 1144 1939 Asino
1165 1873 1319 1939 vecta.
1357 1859 1542 1962 Lapidem
1560 1885 1623 1937 au-

231 1999 308 2065 tem
345 1989 394 2066 ob
432 2014 515 2066 earn
554 2014 633 2066 rem
670 1998 711 2063 nt
748 1985 933 2089 pollutum
970 1969 1294 2063 abominabantur.
1344 1983 1623 2081 (Plutarch.

216 2113 429 2208 ‚Quaest
457 2138 617 2215 graec.
645 2115 703 2206 2.)

268 2298 270 2302 -
339 2234 454 2340 Apud
482 2236 671 2315 Tenedios
701 2238 827 2338 legem
845 2264 869 2316 a
888 2262 976 2340 rege
1006 2237 1169 2340 quodam
1197 2239 1312 2316 latam
1332 2237 1482 2333 dicunt,
1511 2261 1625 2338 equa

232 2362 365 2475 siquis
384 2361 595 2441 adulterum
614 2361 932 2466 deprehenderet,
961 2361 1190 2440 interficeret
1208 2389 1294 2441 eum
1312 2363 1442 2440 securi.
1480 2360 1623 2464 Depre-

232 2490 350 2568 henso
378 2486 468 2568 vero
497 2490 613 2592 ipsius
641 2488 738 2582 filio,
768 2515 884 2591 quum
902 2490 933 2565 is
952 2489 1015 2591 qui
1039 2503 1191 2592 ceperat
1219 2491 1469 2589 interrogaret
1488 2511 1624 2586 regem

232 2613 321 2718 quid
339 2612 554 2693 faciendum
574 2625 691 2710 esset,
704 2614 863 2716 jussisse
883 2610 1004 2706 illum,
1023 2626 1064 2691 ut
1081 2613 1166 2715 lege
1186 2625 1361 2692 uteretur.
1399 2609 1456 2690 Ac
1474 2622 1623 2714 propte-

232 2767 297 2818 rea
315 2740 354 2816 in
371 2740 494 2817 numia
514 2728 770 2819 Tenediorum
788 2739 907 2817 altera
925 2767 1013 2842 pars
1033 2740 1193 2817 securim
1212 2753 1401 2817 exaratam
1420 2738 1554 2828 habet,
1572 2736 1623 2814 al·

232 2879 314 2945 tera
330 2859 456 2943 autem
475 2891 521 2943 ex
540 2893 615 2944 uno
635 2865 732 2942 collo
750 2865 995 2967 prodeuntem
1011 2864 1150 2943 faciem
1169 2863 1238 2941 viri
1257 2864 1506 2966 mulierisque.
1526 2861 1624 2939 Hinc

234 2990 280 3069 de
308 2990 421 3097 rebus
449 2991 638 3069 atrocibus
666 2988 790 3067 dicere
820 2991 963 3069 solent:
991 2986 1214 3067 Tenedia
1241 2991 1408 3068 securi
1436 2989 1623 3093 praeci-

234 3113 369 3191 dere.
386 3106 710 3208 ἱἈποκε·κόφι9αι’
734 3109 902 3212 Τενεδίῳ
931 3115 1091 3192 πελέκει.
1130 3115 1461 3210 (Heraclides
1489 3115 1624 3192 Pont.

233 3238 280 3315 de
299 3238 377 3315 reb.
398 3238 503 3341 publ.
524 3238 611 3350 llll,
632 3240 689 3333 3.)

341 3351 549 3465 Lepreatae
569 3360 1070 3470 adulteros-comprehensos
1090 3363 1213 3441 triduo
1232 3390 1301 3466 per
1318 3364 1449 3442 urbem
1469 3364 1624 3441 circum·

235 3488 425 3567 ducebant
443 3489 588 3566 vinctos
607 3503 645 3566 et
662 3485 731 3593 per
749 3502 868 3566 totam
885 3489 1003 3564 vitam
1021 3490 1180 3566 infames
1199 3489 1400 3567 habebant.
1430 3489 1626 3566 Mulierem

234 3624 359 3693 autem
378 3612 586 3692 adulteram
603 3612 772 3690 indutam
791 3611 980 3727 pellucida
997 3625 1102 3690 veste
1122 3615 1203 3689 sine
1223 3615 1386 3714 cingulo,
1397 3615 1437 3689 in
1457 3614 1538 3690 foro
1558 3640 1626 3715 per

235 3739 407 3817 undecim
425 3739 507 3817 dies
523 3739 759 3845 statuebant,
787 3751 900 3839 atque
926 3737 1133 3839 ignominia
1160 3740 1354 3819 notabant.
1382 3738 1624 3834 (Heracli-

235 3861 319 3941 des
348 3864 485 3941 Pont
515 3862 561 3942 de
580 3864 658 3941 reb.
678 3862 781 3966 publ.
801 3863 928 3956 XIV.)

343 3987 560 4092 Gortynae,
589 3990 629 4065 in
652 3988 773 4066 insula
792 3989 926 4084 Oreta,
956 3989 1215 4093 deprehensus
1244 3990 1392 4069 adulter
1419 3989 1627 4066 ducebatur

235 4112 283 4189 ad
312 4115 571 4216 magistratus,
609 4115 846 4217 criminisque
876 4116 1072 4193 convictus
1101 4114 1189 4191 lana
1216 4117 1476 4194 coronabatur.
1522 4117 1626 4193 Haec

236 4263 325 4313 vero
358 4239 551 4316 coronatio
581 4237 833 4338 redarguebat
861 4267 948 4318 eum
975 4266 1055 4318 esse
1075 4241 1265 4318 hominem
1281 4242 1454 4336 mollem,
1486 4242 1624 4318 effemi-

235 4372 365 4437 natum
384 4364 487 4440 etad
506 4364 679 4440 mulieres
698 4364 906 4465 pulchrum.
942 4367 990 4442 Et
1010 4366 1277 4443 aestimabatur
1296 4367 1330 4443 ei
1349 4366 1497 4468 publice
1518 4393 1628 4443 causa

237 4485 285 4560 ad
304 4488 577 4588 quinquaginta
599 4476 777 4586 stateres,
807 4500 845 4566 et
862 4491 1011 4568 infamis
1030 4492 1143 4594 plane
1162 4505 1262 4589 erat,
1291 4517 1412 4593 neque
1432 4489 1542 4567 ullius
1560 4518 1625 4592 pu·

238 4609 356 4687 blicae
377 4615 429 4690 rei
449 4616 645 4716 particeps.
675 4613 887 4711 (Aelian.
907 4615 1012 4692 Var.
1035 4618 1145 4692 hist.
1167 4618 1253 4713 XII,
1281 4618 1362 4710 12.)

817 4825 894 4908 Ad
914 4829 1048 4909 11⁷4.

344 4992 533 5091 Byzantiis
553 4991 613 5067 lex
632 5003 731 5068 erat:
751 4989 860 5077 εἴτις
875 4983 1046 5090 ἁρπάσας
1064 4996 1265 5090 παρθένον
1284 4990 1441 5089 φθάσας
1462 4988 1627 5082 ποιήσειε

236 5123 430 5213 γυναῖκα,
461 5112 588 5217 γάμον
618 5118 720 5211 ἔχειν
749 5113 819 5209 τὴν
848 5121 997 5216 ζημίαν.
1037 5121 1079 5198 Id
1100 5132 1174 5197 est:
1204 5120 1243 5196 Si
1263 5122 1345 5221 quis
1365 5121 1547 5219 virginem
1569 5149 1625 5196 ra·
