3436 5790
522 399 829 454 consummatus
851 399 903 450 au
923 400 967 452 sa.
986 399 1032 451 sc.
1047 398 1098 453 co.
1423 374 1500 449 tun

120 592 287 688 ρουοια).
328 595 460 693 „Unus
490 618 536 670 ex
567 594 632 670 illo
663 593 876 694 principum
904 592 1055 686 ordine,
1096 616 1189 690 quos
1216 589 1501 666 Lacedaemonii

120 729 261 814 aetate,
291 720 552 820 dignitatisque
571 719 786 820 majestate,
815 729 1004 819 tamquam
1032 717 1255 794 arbitros
1283 725 1328 790 et
1355 715 1500 812 magi·

120 855 249 922 stros
287 847 593 949 disciplinae
629 844 862 946 publicae
900 840 1165 923 verebantur.“
1214 838 1368 934 (Gelius
1394 839 1500 918 Noot.

120 967 201 1051 Act
220 971 363 1070 XVIII,
383 973 441 1067 3.)
719 1073 795 1158 M
822 1075 888 1159 5⁸

225 1236 378 1318 Bekker
407 1239 550 1319 Aneod.
579 1268 635 1342 gr.
655 1239 683 1318 I.
712 1267 750 1342 p.
771 1241 869 1316 252:
892 1233 1157 1312 'caturca
1184 1232 1232 1311 τοὶ
1261 1230 1342 1313 οὐκ
1360 1239 1407 1311 ἐκ
1424 1231 1503 1310 τῶν

120 1358 254 1461 νόμων
280 1367 327 1460 τῇ
359 1363 485 1463 βουλῇ
521 1366 829 1468 προστεταγμένα
858 1369 897 1454 ἐξ
926 1359 1065 1463 ἀρχῆς,
1104 1357 1204 1437 ἀλλὰ
1231 1361 1500 1463 προστεθέντα.

121 1484 330 1583 (catana
348 1504 445 1589 sunt,
465 1518 560 1595 quae
579 1518 657 1571 non
673 1519 694 1570 e
710 1494 857 1593 legibus
876 1493 1023 1572 fueram
1040 1492 1090 1570 ab
1109 1493 1215 1571 initio
1233 1491 1380 1573 senatui
1397 1513 1501 1569 man·

122 1617 225 1712 data,
255 1616 321 1697 sed
341 1617 475 1698 deinde
494 1618 651 1716 addita.)

725 1778 800 1863 Ad
828 1779 909 1862 00.

226 1940 376 2021 Bekker
396 1941 537 2022 Anecd.
565 1969 620 2040 gr.
640 1944 669 2022 Ι.
698 1971 735 2045 p.
756 1943 845 2020 311.
884 1944 985 2040 Περὶ
1008 1933 1167 2041 Ἀρείου
1186 1933 1314 2044 πάγου
1334 2000 1342 2018 .
1362 2000 1370 2027 ,
1393 1998 1399 2012 .
1423 1998 1429 2010 .
1450 1940 1505 2033 εἰς

121 2061 264 2160 ταύτην
292 2050 579 2166 ἀναβαίνουσιν
607 2068 644 2141 οὶ
672 2065 802 2153 καλῶς
829 2057 1013 2166 ἄρξαντες
1044 2071 1303 2164 θεσμοθέται,
1334 2060 1504 2141 ἀνυπεύ-

122 2199 240 2269 θυνοι
269 2188 482 2294 γινόμενοι.
530 2196 576 2272 ln
605 2192 845 2295 Areopagum
864 2181 1093 2271 ‘ascendunt
1120 2192 1412 2287 thesmothetao,
1440 2193 1505 2293 qui

121 2322 275 2399 honeste
303 2321 561 2421 magistratum
597 2328 795 2420 gesserunt
824 2330 861 2398 et
888 2345 965 2397 non
993 2319 1152 2421 amplius
1180 2330 1268 2397 sunt
1296 2316 1505 2395 rationibus

123 2446 307 2540 obnoxii.)
600 2528 603 2532 r

228 2572 299 2651 Hic
309 2581 436 2652 tamen
447 2571 516 2647 sub
526 2569 784 2649 thesmothetis
802 2595 941 2649 novem
960 2569 1157 2648 archontes
1176 2566 1316 2647 debent
1334 2566 1503 2668 intelligi.

720 2781 797 2903 m
825 2784 906 2872 oo.

227 2947 338 3051 Apud
357 2948 674 3028 Lacedaemonios
702 2948 924 3027 adsidebant
950 2971 1059 3047 reges
1086 2945 1380 3027 deliberantibus
1399 2971 1503 3024 seua·

122 3075 284 3166 toribus,
314 3076 376 3176 qui
396 3085 503 3153 erant
520 3100 676 3153 numero
706 3073 1002 3174 duodetriginta:
1031 3074 1165 3175 quodsi
1182 3075 1220 3150 iu
1239 3085 1412 3155 senatum
1428 3099 1505 3152 ncn

122 3201 330 3296 venissent,
359 3200 397 3276 hi
417 3227 437 3277 e
457 3202 713 3298 senatoribus,
743 3202 803 3303 qui
833 3199 995 3303 proximi
1020 3225 1084 3278 eos
1103 3201 1327 3297 cognatione
1345 3199 1504 3299 attinge·

123 3326 224 3421 baut,
242 3354 375 3427 regum
392 3327 585 3415 habebant
602 3327 775 3424 honores,
797 3327 919 3405 etduo
934 3326 1113 3426 suffragia
1131 3327 1381 3422 contulerunt,
1400 3349 1505 3430 prac-

123 3463 296 3555 tereaque
316 3454 484 3543 tertium,
513 3480 621 3532 suum
640 3454 814 3556 ipsomm.
845 3451 1098 3547 (Herodot.
1117 3452 1183 3547 VI,
1206 3453 1267 3547 57,
1288 3454 1345 3546 6.)

229 3595 350 3673 Schol.
370 3597 409 3671 in
428 3596 637 3698 Thucydid.
658 3598 687 3690 l,
717 3595 789 3670 20:
817 3591 855 3667 ot
883 3589 1210 3691 Λακεδαιμονίων
1239 3589 1311 3669 δύο
1339 3595 1505 3692 βασιλεῖς

124 3716 278 3819 ψήφους
297 3721 439 3819 ἔφερον
456 3726 501 3797 ἐν
519 3717 564 3816 τῇ
583 3720 764 3824 γερουσίᾳ
790 3714 967 3818 ἑκάτερος
995 3723 1082 3808 ἕνα,
1113 3714 1290 3810 διττὴν
1318 3720 1506 3814 ἔχοντα

125 3842 354 3940 δύναμιν.
393 3850 504 3943 (Duo
532 3847 911 3926 Lacedaemoniorum
939 3872 1047 3947 reges
1076 3847 1238 3925 calculos
1267 3847 1439 3926 ferebant
1466 3846 1505 3922 in

124 3987 252 4051 senatu
271 3986 426 4075 uterque
445 4000 582 4070 unum,
612 3973 673 4076 qui
694 3975 847 4076 duplam
865 3973 1029 4053 habebat
1047 3973 1155 4067 vim.)
1351 3961 1353 3965 ⁷
1463 4045 1467 4052 .

228 4116 303 4193 Sed
330 4119 410 4219 ipse
439 4117 679 4220 Thucydides
706 4118 849 4223 (Lac)
877 4116 987 4208 dicit,
1016 4116 1114 4218 quod
1138 4116 1276 4210 multa,
1305 4136 1400 4217 quae
1419 4141 1504 4194 nec·

123 4245 210 4321 dum
229 4254 385 4345 propter
410 4255 635 4320 vetustatem
660 4243 840 4344 memoria
866 4241 1102 4337 exciderunt,
1132 4242 1245 4319 ceteri
1264 4241 1400 4319 Graeci
1426 4230 1505 4318 non

122 4382 220 4448 recte
239 4370 459 4471 opinentur:
488 4370 606 4447 veluti
636 4346 1019 4447 Lacedaemoniorum
1046 4394 1155 4467 reges
1178 4368 1217 4444 in
1235 4368 1422 4473 suffragiis
1451 4368 1503 4445 fe·

124 4497 245 4574 randis
264 4519 342 4572 non
361 4495 518 4595 singulis
539 4520 747 4597 quemque,
777 4495 841 4573 sed
861 4494 959 4571 binis
979 4495 1031 4570 uti
1051 4495 1211 4572 calculis.
1381 4474 1386 4481 ⁵

228 4642 424 4740 Lycurgus
453 4651 643 4719 senatores
669 4640 788 4743 initio.
805 4665 853 4731 eu
870 4639 914 4719 iis
934 4638 1144 4732 constituit,
1173 4663 1266 4739 quos
1285 4639 1429 4715 consilii
1448 4664 1504 4714 so·

123 4769 200 4844 cios
219 4766 368 4861 habuit;
397 4778 482 4867 post
510 4777 636 4842 autem
663 4767 702 4841 in
729 4752 897 4841 defuncti
915 4765 1039 4841 locum
1052 4764 1165 4869 jussit
1184 4789 1269 4840 eum
1287 4763 1502 4863 subrogari,

122 4893 184 4992 qui
211 4893 309 4968 inter
336 4893 581 4991 sexagenario
610 4893 771 4993 majores
800 4891 935 4966 virtute
974 4888 1122 4991 reliquis
1150 4888 1292 4966 anteire
1316 4887 1504 4992 judicatus

122 5019 261 5096 fuisset.
298 5017 490 5093 Judicium
518 5018 556 5095 id
584 5019 636 5094 ita
664 5017 799 5095 fiebttt
826 5016 1009 5097 advocato
1038 5017 1077 5092 in
1106 5016 1324 5092 concionem
1342 5011 1503 5116 populo,

122 5146 192 5223 viri
210 5144 359 5247 quidam
378 5145 425 5239 ad
445 5145 515 5228 hoc
534 5146 669 5233 delecti
687 5146 729 5225 in
744 5145 1003 5248 propinguum
1025 5144 1203 5229 conclave
1229 5140 1502 5233 concludeban-
