3404 5782
703 383 764 431 JUS
784 381 996 433 Pvamcusi.

792 570 905 646 1060.

259 718 439 792 Desertae
465 715 617 790 militiae
643 739 727 790 reus
755 715 966 815 peragitur,
996 717 1057 816 qui
1087 717 1319 816 conscriptus
1339 743 1419 791 non
1440 741 1546 792 oom-

153 846 327 943 paruerit.

793 946 905 1024 1070.

251 1083 416 1165 Ὁπόσοι
435 1094 585 1165 λίποιεν
603 1085 675 1178 τὴν
693 1085 806 1180 τάξιν
825 1084 848 1181 ἢ
866 1086 1088 1189 ἀστρατείας
1109 1085 1132 1181 ἢ
1151 1088 1291 1176 δειλίας
1312 1084 1336 1181 ἢ
1354 1087 1542 1189 ἀναυμα-

146 1223 244 1312 χίου
263 1209 425 1311 ἀφλοιεν
445 1210 467 1306 ἢ
484 1211 556 1305 την
575 1211 718 1289 ἀσπίδα
738 1210 993 1314 ἀποβάλοιεν,
1024 1205 1134 1291 οὗτοι
1154 1214 1293 1303 πάντες
1311 1209 1448 1314 ἀτιμοί
1469 1221 1543 1292 εἰσι

153 1338 199 1416 τά
220 1342 398 1441 σώματα,
428 1338 474 1416 τά
495 1338 533 1417 δι’
548 1339 726 1441 χρήματα
746 1343 889 1438 ίῇηουσι.

835 1467 1036 1563 [Andocid.
1056 1468 1102 1546 de
1121 1483 1270 1574 myster.
1291 1468 1326 1573 ξ,
1347 1472 1433 1564 74.)

784 1630 896 1705 1070.

257 1773 450 1876 Quotquot
477 1775 646 1851 ordinem
674 1775 711 1848 in
742 1774 821 1850 acie
850 1773 1121 1869 deseruissent,
1152 1776 1282 1851 autin
1311 1787 1436 1853 eastra
1466 1803 1542 1853 non

151 1902 332 1995 exissent,
361 1912 425 1976 aut
454 1900 580 2000 pavidi
611 1899 788 1991 fuissent,
819 1910 883 1974 aut
912 1899 1062 1974 militiae
1093 1900 1217 1977 navali
1242 1902 1364 1976 vocati
1384 1903 1542 1977 nomina

150 2051 227 2102 non
254 2023 443 2100 dedissent
470 2035 535 2100 aut
564 2035 708 2100 scutum
736 2021 981 2123 abjecissent,
1011 2022 1047 2098 hi
1077 2050 1208 2101 omnes
1232 2027 1356 2127 quoad
1377 2053 1543 2129 corpora

150 2148 337 2226 inhonesti
356 2160 462 2244 sunt,
492 2150 593 2225 bona
612 2158 738 2224 tamen
757 2147 849 2248 ipsis
868 2149 973 2225 salva
992 2160 1156 2226 manent.

255 2476 493 2562 Λιποταξίου
513 2464 681 2561 ἀλῶναι,
711 2466 812 2557 ὅστις
840 2465 920 2544 οὐκ
943 2476 1175 2568 ἐπεξέρχεται
1191 2468 1288 2567 μετά
1307 2470 1390 2546 τῶν
1410 2465 1542 2548 ἀλλων

150 2595 537 2696 στρατοπεδευόμενος
548 2656 558 2688 ,
588 2592 677 2673 οὐδὲ
708 2603 858 2695 παρέχει
883 2592 982 2691 μετά
1007 2594 1086 2670 τῶν
1104 2591 1233 2673 ἀλλων
1252 2594 1398 2672 ἑαυτὸν
1416 2597 1540 2691 τάξαι.

840 2724 992 2824 (Lysias
1012 2751 1041 2800 c.
1063 2722 1245 2801 Alcibiad.
1266 2728 1293 2803 1.
1314 2722 1347 2826 ξ.
1371 2727 1431 2817 7.)

253 3029 399 3123 Deserti
419 3028 558 3105 ordinis
577 3053 663 3105 reus
684 3040 787 3122 esto,
818 3029 881 3127 qui
910 3055 985 3103 non
1016 3030 1147 3106 exierit
1175 3056 1250 3107 una
1276 3056 1364 3107 eum
1385 3033 1541 3136 reliquis

95 3145 96 3149 ¹
147 3153 311 3228 militans
330 3165 368 3228 et
386 3180 462 3229 non
482 3181 520 3230 se
541 3154 757 3255 praebuerit
774 3154 813 3228 in
833 3153 1011 3231 ordinem.

250 3446 348 3532 Ἐάν
366 3486 421 3543 τις
440 3451 704 3555 ἀδοκίμαστος
723 3453 883 3553 ἱππεύῃ,
914 3449 1058 3554 ἀτιμον
1077 3453 1184 3535 εἶναι.

893 3587 1048 3687 (Lysias
1068 3589 1095 3662 Ι.
1115 3612 1147 3660 ο.
1169 3582 1349 3662 Alcibiad.
1371 3589 1435 3681 8.)

786 3747 898 3824 1072.

254 3897 293 3973 Si
312 3897 394 4000 quis
414 3921 490 3972 non
510 3895 689 3995 probatus
709 3893 948 3993 equitaverit,
978 3892 1126 3969 infamis
1145 3901 1234 3968 esto.

787 4051 900 4126 1073.

258 4195 311 4271 Τά
332 4189 569 4292 ὁπλοφορεῖν
597 4189 655 4269 ἀεί
685 4197 753 4269 καί
783 4190 980 4283 ἀκινάκην
1010 4192 1253 4292 παρεζῶσθαι
1282 4196 1469 4294 περιττὸν
1498 4207 1536 4274 ἐν

148 4321 297 4420 εἰρήνη,
328 4327 395 4396 καί
424 4318 635 4421 πρόστιμὸν
661 4328 696 4425 γ’
717 4323 821 4396 ἔστιν
847 4316 949 4407 ὅστις
977 4326 1019 4396 ἐν
1043 4313 1144 4395 ἀίστει
1167 4319 1447 4424 σιδηροφοροίη
1461 4358 1535 4426 μη-

149 4447 214 4526 δὲν
233 4446 320 4524 δίον
341 4442 364 4538 ἢ
383 4442 483 4523 ὅπλα
502 4453 693 4552 ἐξενέγκοι
714 4451 767 4534 είς
786 4444 830 4522 τὸ
851 4443 1044 4546 δημόσιον.

919 4576 1094 4673 (Luciau.
1115 4573 1319 4655 Anachars.
1340 4577 1429 4673 34.)

779 4723 892 4797 1073.

254 4855 369 4942 Arma
386 4875 533 4961 gestare
554 4889 700 4966 semper
718 4876 756 4942 et
774 4866 936 4942 cinctum
965 4891 1045 4940 esse
1072 4866 1223 4940 aainaoe
1243 4869 1480 4963 superfluum
1498 4869 1532 4942 in

148 5016 260 5093 pace3
287 5015 331 5067 ae
350 5015 474 5090 poena
491 4990 675 5084 sancitur,
705 4993 735 5068 si
765 4991 847 5091 quis
874 4991 914 5067 in
939 4989 1030 5066 urbe
1049 5002 1172 5090 gestet
1191 4991 1334 5066 ferrum
1353 4993 1422 5069 ubi
1443 5021 1532 5097 opus

148 5143 224 5195 non
243 5126 318 5211 est,
345 5128 410 5193 aut
428 5141 531 5194 arma
548 5115 588 5192 in
606 5116 797 5219 publieum
814 5117 961 5218 efferat⁰⁴
