3436 5790
155 441 239 519 '262
710 462 773 515 rus
793 460 1005 513 ruumcmr.
1032 458 1043 470 ’

804 651 917 729 1037.

269 774 351 855 Τὸν
370 774 516 855 λύοντα
535 807 622 854 τινα
643 773 766 875 νόμον
784 771 923 872 καὶμὴ
944 769 1244 874 ἆνεεισφέροντα
1255 831 1266 866 ,
1296 773 1548 867 κολάζεσθαι.

640 906 786 1002 (SohoI.
805 906 844 981 in
863 903 1056 980 Demosth.
1076 905 1225 1005 Leptin.
1245 905 1336 1000 487,
1358 906 1440 997 12.)

797 1066 910 1142 1037.

217 1201 221 1207 ’
265 1195 338 1290 Qui
368 1195 649 1294 abrogationem
678 1194 834 1294 alicujus
862 1191 957 1290 legis
985 1193 1148 1293 postulat
1176 1203 1214 1268 et
1237 1193 1349 1269 uliam
1367 1194 1407 1270 in
1426 1192 1552 1270 locum

159 1324 239 1425 ejus
258 1349 334 1400 non
353 1320 549 1422 proponit,
569 1321 754 1421 puniatur.
802 1425 905 1500 1038

259 1544 311 1628 ‘0
339 1506 416 1649 wie·
444 1543 600 1642 ἡλωκώς
630 1546 892 1648 παραμόμων,
931 1550 1103 1651 γίγνεται
1141 1541 1275 1646 ἄτιμος
1303 1545 1550 1647 κωλυόμενος

159 1677 237 1762 ὑπὸ
257 1691 336 1766 τῶν
355 1677 486 1792 νόμιον
506 1672 796 1774 συμβουλεύειν.
864 1677 1037 1771 (Diodor.
1058 1677 1170 1754 Sioul.
1191 1679 1335 1772 XVIII,
1361 1679 1442 1770 18.)

805 1837 917 1912 1038.

206 1979 209 1983 ’
265 1962 342 2039 Ter
362 1964 585 2041 violatarum
604 1963 732 2063 legum
751 1963 947 2069 damnatus
977 1976 1126 2041 notatur
1145 1965 1299 2042 infamia
1319 1978 1356 2042 et
1374 1963 1552 2067 prohibe-

158 2096 218 2160 tur
236 2087 361 2186 legum
381 2091 579 2168 interdicto
600 2089 760 2166 consiliis
779 2089 970 2166 interesse.

270 2371 451 2450 Θάνατον
470 2372 568 2451 εἶναι
588 2372 643 2476 τῷ
664 2373 857 2480 γράψαντι
874 2381 1123 2475 μετατιθέναι
1144 2371 1191 2449 τοί
1216 2370 1386 2473 θεωρικιί
1408 2379 1462 2463 είς
1481 2373 1554 2467 την

160 2496 329 2597 ἀρχαίαν
346 2500 456 2592 τάξιν
474 2507 543 2575 καί
563 2509 742 2604 γενέσθαι
763 2490 1031 2600 στρατιωτικοί.

531 2630 709 2733 [Libanii
728 2658 871 2729 argum.
889 2631 930 2707 in
948 2630 1140 2707 Demosth.
1160 2627 1312 2732 Olynth.
1334 2630 1361 2706 Ι.
1384 2630 1441 2722 8.)

796 2791 909 2868 1039.

266 2900 384 2975 Morte
403 2897 620 2991 mulctetur,
650 2898 713 2997 qui
741 2910 871 2976 auctor
898 2901 1027 2993 fuerit,
1056 2911 1099 2973 ut
1117 2899 1278 2999 pecunia
1297 2899 1491 2976 theatralis
1512 2899 1553 2975 in

160 3032 326 3098 veterem
345 3024 515 3100 ordinem
534 3035 757 3124 reponatur,
788 3027 925 3124 fiatque
944 3023 1124 3100 militaris.

801 3185 913 3260 1010.

272 3304 353 3383 Τὸν
373 3307 581 3404 ὀφείλοντα
602 3308 657 3408 τῳ
677 3307 861 3408 δημοσίῳ,
877 3317 1010 3408 μέχρις
1030 3304 1081 3385 δν
1098 3311 1253 3406 ἐκτίση,
1274 3305 1373 3385 εἶναι
1393 3300 1552 3404 ἄτιμον.

402 3438 571 3533 (Libanii
590 3464 729 3538 argum.
749 3438 789 3514 in
808 3438 1000 3515 Demosth.
1021 3466 1051 3515 o.
1071 3437 1261 3538 Aristogit
1281 3439 1309 3516 Ι.
1330 3438 1441 3530 768.)

802 3601 914 3676 1040.

267 3723 340 3818 Qui
362 3726 507 3802 aerario
525 3725 656 3819 debet,
685 3726 952 3824 ignominiosus
971 3736 1072 3820 esto,
1103 3725 1224 3827 donec
1243 3722 1406 3801 solverit.

802 3888 914 3962 1011.

271 3988 351 4066 Τὸν
369 3993 625 4086 nour-noma
645 3991 699 4090 τῳ
720 3989 891 4091 δημοσίῳ
905 3989 959 4088 μὴ
980 3988 1260 4069 πολιτεύεσθαι.

435 4120 643 4225 (Anonymi
663 4147 805 4219 argum.
825 4122 864 4197 in
884 4121 1077 4200 Demosth.
1098 4149 1128 4197 o.
1150 4120 1306 4215 Androt.
1329 4119 1442 4212 591.)

676 4287 681 4298 ’
794 4282 909 4359 1041.

267 4405 341 4498 Qui
361 4408 504 4483 aerario
523 4408 655 4500 debet,
684 4408 722 4483 in
743 4379 938 4509 republica
957 4435 1004 4486 ne
1023 4419 1202 4485 versetur.

795 4572 907 4651 1042.

262 4687 359 4766 Ἐὰν
380 4683 402 4767 ὁ
423 4686 593 4784 ὀφείλων
610 4691 667 4791 aqi
685 4689 856 4792 δημοσίῳ
885 4698 996 4798 λέγῃ,
1027 4691 1261 4791 παραδὸσθω
1290 4701 1368 4778 τοῖς
1396 4689 1550 4772 ἕνδεκα.

433 4797 437 4805 ’
825 4820 1019 4914 (Dinaroh.
1040 4849 1070 4897 o.
1092 4821 1280 4920 Aristogit.
1300 4816 1334 4921 ξ.
1357 4820 1439 4913 13.)

788 4936 911 5040 frore.

351 5070 540 5183 fisclum·
554 5089 695 5163 aerario
716 5080 836 5165 adhuo
855 5078 987 5182 deber,
1014 5079 1255 5168 contionatus
1275 5076 1548 5184 fueritsunde-
