3436 5790
452 430 559 484 rncrs
578 427 686 481 suus.
706 446 741 459 -
760 429 970 481 counuruo
991 425 1210 478 sncnosun.
1436 397 1513 471 317

776 621 885 696 1247.

242 762 451 868 Σφραγίδα
472 759 494 853 ἢ
513 761 712 862 σύμβολον
733 759 790 836 δεῖ
808 762 913 858 ἔχειν
930 757 1002 839 τὸν
1025 763 1158 850 ξένον,
1189 762 1249 833 ἐπὶ
1277 758 1331 857 τῷ
1361 783 1514 860 συγχω-

135 890 300 989 ρηθῆναι
322 894 537 988 παρελθεῖν.
691 889 834 984 (Schol.
855 889 903 966 ad
923 888 1161 989 Aristophan.
1184 886 1252 966 Av.
1275 885 1409 974 1214.)

776 1055 888 1131 1247.

243 1200 467 1300 Peregrinus
495 1202 632 1278 habeat
659 1202 822 1300 sigillum
851 1199 911 1274 vel
941 1209 1116 1291 tesseras,
1148 1208 1187 1274 ut
1210 1196 1319 1273 liceat
1337 1196 1408 1298 ipsi
1428 1196 1515 1273 civi-

134 1336 251 1401 tatem
270 1325 382 1402 adire.

770 1433 883 1509 1248.

232 1577 298 1661 Εἰς
317 1580 481 1649 ἕκαστον
499 1572 575 1648 τῶν
593 1572 705 1672 ἱερῶν
723 1570 800 1647 τῶν
820 1569 1037 1671 δημοτελῶν
1054 1576 1123 1646 καὶ
1143 1567 1213 1662 τὴν
1231 1575 1343 1663 ξένην
1362 1573 1430 1645 καὶ
1446 1565 1518 1658 τὴν

137 1694 281 1789 δούλην
298 1704 430 1775 ἐλθεῖν
448 1704 627 1790 ἐξουσίαν
646 1698 784 1775 ἔδοσαν
803 1700 840 1774 οἱ
861 1696 972 1796 νόμοι
992 1701 1060 1771 καί
1082 1703 1319 1795 θεασομένην
1342 1700 1411 1769 καὶ
1435 1696 1518 1769 ἱκε-

137 1823 328 1901 τεύουσαν
354 1829 513 1912 εἰςιέναι.
833 1828 1044 1920 (Demosth.
1063 1827 1102 1903 in
1122 1828 1255 1904 Neaer.
1277 1824 1411 1916 1374.)

780 1987 891 2062 1248.

246 2131 305 2209 Ad
325 2131 518 2232 quodlibet
545 2157 732 2208 sacrorum
762 2132 997 2233 publicorum
1017 2144 1054 2208 et
1072 2131 1280 2233 peregrinis
1304 2127 1520 2204 mulieribus

141 2268 178 2333 et
196 2257 339 2331 ancillis
367 2257 524 2332 liberum
554 2255 693 2333 aditum
722 2258 975 2358 praebuerunt
1003 2259 1106 2355 leges
1131 2269 1209 2332 tum
1229 2253 1422 2357 spectandi
1442 2265 1520 2328 tum

141 2381 376 2483 supplicandi
394 2381 524 2478 gratia.

778 2489 892 2565 1249.

253 2629 340 2705 Τῶν
359 2625 557 2706 ἀκουσίων
576 2622 854 2729 ἁμαρτημάτων
872 2625 1105 2734 καταφυγήν
1123 2625 1221 2705 εἶναι
1239 2623 1328 2715 τούς
1355 2623 1520 2727 βωμούς.

996 2756 1224 2859 (Thucydid.
1244 2756 1309 2852 IV,
1330 2757 1413 2849 98.)

781 2867 893 2940 1249.

141 2995 148 3016 ’
248 3008 402 3085 Deliciis
422 3035 498 3086 non
517 3010 735 3086 voluntariis
759 3034 845 3086 arae
865 3007 1018 3084 deorum
1036 3022 1146 3085 sunto
1166 3008 1362 3108 refugium.

728 3325 943 3432 Τμῆμαγῖ

475 3475 795 3551 Κοινωνία
841 3469 954 3546 τῶν
1001 3472 1193 3571 ἱερῶν.

743 3745 864 3821 Sectio
893 3744 928 3821 3.

548 3888 832 3966 communio
859 3914 1125 3966 sacrorum.

778 4088 892 4163 1250.

251 4230 301 4303 Αἱ
319 4234 363 4303 ἐν
380 4226 425 4323 τῇ
439 4219 596 4301 Ἓλλάδι
616 4224 840 4330 πανηγύρις·
860 4222 1025 4328 ’Ἰσθμια
1043 4234 1115 4304 καὶ
1135 4235 1273 4327 Νέμεια
1290 4233 1360 4303 καὶ
1375 4224 1526 4327 Ὀλύμ-

147 4382 213 4429 πια
232 4359 300 4428 καὶ
323 4351 472 4433 Πύθια.
843 4359 1057 4452 (Demosth.
1077 4358 1124 4435 de
1142 4383 1291 4435 corona.
1311 4358 1420 4448 256.)

780 4520 893 4599 1250.

253 4661 435 4740 Graeciae
462 4674 667 4740 conventus
695 4674 801 4741 sunt:
830 4664 986 4746 Isthmia
1014 4674 1052 4742 et
1068 4664 1210 4742 Nemea
1237 4676 1274 4743 et
1292 4664 1467 4767 Olympia
1490 4676 1528 4742 et

148 4788 293 4890 Pythia.
