3436 5790
740 381 880 432 rus'rns.
1421 353 1495 428 17¹

765 571 853 646 699.

228 716 417 793 Convenit
434 740 520 809 eos,
546 716 608 816 qui
627 740 686 791 res
704 716 820 792 factas
839 716 1101 810 testificantur,
1123 716 1295 793 eonteota
1313 715 1423 792 domo
1443 726 1494 790 ιε’

127 843 298 920 stimonia
324 843 469 938 dioere3
496 866 560 918 eos
578 867 691 936 vero,
721 841 784 940 qui
812 841 860 918 de
888 842 1215 943 provocationibus
1243 840 1497 933 testificantur,

127 994 238 1068 quum
257 966 409 1043 fortuito
429 965 671 1056 adstiterunt,
701 966 813 1053 etiam
839 967 973 1045 oeratis
992 966 1209 1068 inscriptum
1228 964 1498 1059 testimonium,

128 1103 185 1183 ut,
204 1093 234 1170 si
255 1091 342 1192 quid
362 1091 575 1170 adscribere
593 1091 655 1168 vel
672 1089 797 1170 delere
816 1090 976 1186 vellent,
995 1090 1101 1169 facile
1119 1091 1272 1193 possint
1357 1089 1380 1103 ”

767 1252 855 1329 694.

236 1387 336 1481 Τούς
362 1390 464 1467 κατὰ
493 1389 537 1468 τὸ
566 1400 674 1497 γένος
701 1391 1042 1494 ἀμφισβητοῦντας
1071 1387 1187 1467 οὐδὲν
1220 1390 1278 1468 δεῖ
1307 1392 1501 1492 μάρτυρας

128 1525 391 1619 παρασχέσθαι
418 1510 469 1605 ὦς
499 1516 631 1594 αὐτῶν
653 1526 757 1595 ἐστιν
775 1509 797 1595 ὁ
817 1501 978 1616 νλῆρος,
1008 1513 1109 1616 παρὰ
1129 1514 1285 1593 πάντων
1303 1514 1376 1621 γὰρ
1395 1509 1500 1617 ὦμο-

132 1641 284 1749 λὸγηται
313 1656 391 1733 τοῖς
418 1641 613 1748 ἐγγυτάτω
643 1651 776 1749 γένους
794 1641 842 1734 τὰ
861 1643 932 1721 τοῦ
952 1641 1240 1734 τελευτησαντος
1259 1649 1449 1746 γίνεσθαι.

710 1775 858 1868 (Isaeus
876 1773 923 1850 de
942 1773 1139 1851 Nicostrat.
1160 1771 1237 1850 her.
1258 1768 1291 1874 ξ.
1314 1773 1395 1867 15.)

774 1934 861 2010 694.

232 2076 476 2175 cognationis
495 2081 541 2155 ex
560 2078 667 2154 titulo
687 2087 855 2181 petentes
875 2076 928 2154 nil
946 2078 1086 2157 habent
1114 2103 1208 2180 opus
1231 2088 1272 2153 ut
1285 2069 1404 2155 testes
1422 2100 1501 2175 pro·

126 2203 264 2279 ducant
290 2201 337 2278 ad
366 2202 574 2279 docendum
603 2201 678 2278 de
662 2227 767 2303 Jure,
797 2202 939 2302 quod''
916 2231 961 2279 ns
980 2213 1054 2296 est,
1083 2201 1306 2278 hereditates
1326 2199 1498 2302 petendi;

126 2340 273 2403 constat
293 2327 391 2402 enim
410 2328 505 2403 inter
524 2353 654 2404 omnes
682 2327 845 2404 defunoti
874 2328 1053 2474 cujusque
1072 2327 1173 2403 bona
1192 2327 1238 2402 ad
1258 2327 1444 2449 proximos
1464 2325 1502 2399 in

126 2452 307 2552 sanguine
327 2452 512 2530 devenire.

768 2580 856 2658 695.

235 2714 315 2795 Τὸν
342 2714 390 2796 ori
418 2717 662 2818 βουλόμενον
683 2730 893 2820 μαρτυρεῖν
918 2717 1193 2811 κλητεύοιισιν,
1222 2714 1403 2822 ανάγκην
1430 2715 1501 2792 τοῦ

122 2843 360 2942 μαρτυρῆσαι
379 2851 658 2942 προστιθέντες..
694 2852 761 2925 Δεῖ
788 2845 826 2922 δὲ
856 2841 981 2929 αὐτὸν
1006 2841 1254 2944 ἢμαρτυριῖν
1274 2839 1502 2942 ditandos·

125 2973 220 3045 σθαι
239 2959 292 3058 ⁶36
309 2964 389 3047 θῦκ
408 2968 524 3063 εἰδείη
543 2966 636 3075 iius}
657 2975 791 3075 παρείη
811 2966 834 3064 ἢ
849 2976 981 3069 χιλίας
999 2967 1209 3047 ἀποτίνειν.
1443 3006 1446 3012 ·
1486 3022 1489 3028 ,

807 3184 813 3193 ,
882 3105 885 3108 “
912 3098 1067 3194 (Pollux
1086 3097 1190 3193 V111',
1209 3097 1416 3190 36474),
1443 3138 1446 3147 ·
1467 3156 1470 3165 .
1491 3190 1493 3193 Ι

772 3227 861 3304 695.
900 3254 904 3259 ·
1022 3235 1025 3239 ’
1073 3234 1076 3239 ’

233 3369 347 3465 Eum,
368 3373 430 3470 qui
449 3372 697 3447 testimonium
716 3381 851 3468 negat,
876 3370 1128 3466 obtestantur,
1160 3367 1358 3446 testimonii
1377 3391 1502 3444 neees-

126 3493 272 3576 sitatem
288 3506 555 3598 proponentes.
505 3495 749 3594 eii-Cogitur
777 3504 902 3573 autem
930 3493 991 3570 vel
1020 3495 1169 3589 testari,
1199 3495 1260 3572 vel
1286 3520 1326 3571 se
1355 3520 1431 3570 non
1450 3492 1502 3567 vi-

126 3617 251 3696 disse
235 3645 383 3722 Jurare,
410 3631 476 3699 sut
494 3647 571 3699 non
589 3621 821 3715 interfuisse,
849 3630 914 3695 aut
941 3617 1042 3706 mille
1065 3617 1262 3697 draehms
1280 3619 1503 3722 persolvere

769 3780 859 3856 696.

236 3926 324 4009 Τοῖς
360 3927 621 4019 επισταμὲνοις
658 3952 695 3997 τι
723 3949 823 4004 sorr
836 3927 1110 4056 πεπραγμένων
1146 3952 1215 3997 και
1249 3919 1505 4022 μαρτυρήσειν

127 4037 428 4144 ὕπεσχημένοις
435 4054 503 4128 ἐν
514 4045 772 4148 δικαστηρίω,
791 4044 896 4127 εἶτα
932 4043 1035 4124 δὲ”
992 4074 1172 4147 ,υστεριιν
1205 4044 1503 4152 ἂποφυγσῦσιν,

127 4167 361 4276 λαγχάνεται
381 4177 702 4272 remisque
719 4172 839 4264 dtur·
858 4166 998 4250 atr
953 4203 1026 4272 μεν
1045 4165 1185 4263 eiiciet,
1214 4173 1398 4271 τιμῶνται
1418 4180 1505 4247 κατ’

127 4294 262 4389 ἀξίαν·
290 4303 327 4374 εἰ
344 4294 382 4373 δὲ
398 4329 453 4395 μη
444 4289 593 4374 ⁸‘trior
572 4328 594 4373 o
617 4295 798 4399 derisores,
818 4297 1030 4397 πρόστιμον
1048 4304 1178 4390 τίθησι
1198 4297 1381 4400 δραχμήν.

843 4427 1020 4522 (Suidasz
1047 4426 1399 4526 λιιπομαρτιιρίοιι.)

770 4590 859 4669 696.

233 4733 306 4826 Qui
333 4731 421 4808 faeti
448 4733 605 4834 alicujus
631 4735 740 4833 gnari
767 4733 1021 4810 testimonium
1048 4734 1146 4810 sein
1168 4733 1311 4835 judioio
1335 4733 1503 4810 dicturos

126 4886 206 4936 esse
226 4859 495 4961 promiserant,¹
516 4859 560 4938 id
589 4860 619 4937 si
648 4870 781 4961 postea
800 4858 1121 4957 subterfugerent,
1148 4860 1285 4937 deserti
1306 4860 1504 4936 testimonii

125 4985 269 5061 notione
289 4994 485 5086 petuntur,
514 4995 551 5060 et
578 4985 607 5060 si
638 4983 798 5073 convicti
825 4984 978 5078 fuerint,
1008 5010 1075 5086 pro
1104 4987 1235 5061 merito
1260 4986 1503 5077 mulctantam

124 5110 180 5186 sin
199 5119 304 5185 aeter
323 5135 435 5186 eausa
453 5110 648 5204 ceciderit,
675 5111 836 5189 mulctae
856 5110 1004 5207 nomine
1023 5111 1238 5191 drachmam
1258 5110 1378 5188 solvit.
