3404 5782
156 346 234 429 stt
534 366 844 426 consummans
863 371 916 422 nn
937 364 1000 427 ree.
1021 363 1083 431 ret.
1106 368 1168 431 ιιι.

259 566 365 643 Idem
386 565 587 641 scholiasta
605 562 695 638 dicit
713 561 934 663 epobeliam·
948 564 1090 640 aerario
1119 565 1237 642 fuisse
1264 565 1463 643 solutam.
1502 562 1572 642 sed

154 691 284 793 reliqui
304 692 426 769 fontes
446 701 574 792 aperte
595 699 798 781 testantur,
824 688 1095 790 rempublicam
1114 717 1159 767 ex
1180 691 1377 794 epobelia
1398 689 1498 767 nihil
1517 716 1571 766 ec·

152 816 317 919 cepisse,
346 815 522 916 illamque
550 813 701 890 nonnisi
730 813 768 886 in
797 812 953 912 privatis
980 812 1105 891 litibus
1125 816 1242 892 fuisse
1265 816 1462 893 solutam
1503 817 1568 891 Ρο-

151 952 225 1018 test
242 953 370 1018 tamen
389 940 600 1017 Scholiasta
619 936 666 1013 de
685 936 816 1013 seriori
835 937 937 1036 loqui
956 949 1088 1016 aetate.

742 1145 819 1229 Ad
839 1147 956 1232 ⁷03.

258 1316 381 1394 Schol.
400 1317 440 1392 in
459 1294 649 1392 Demostb.
668 1312 757 1390 Mid.
780 1312 868 1409 540,
888 1313 960 1389 23:
990 1310 1042 1385 Εἴ
1055 1342 1111 1399 τις
1129 1312 1485 1416 ἐκπροθεσμῆσειε
1503 1322 1566 1393 καί

146 1435 201 1538 μή
223 1437 442 1539 καταβάλοι
461 1435 529 1526 τὰς
548 1435 683 1526 δίκας,
712 1443 853 1528 ἐξεῖναι
872 1432 1062 1512 ἅπτεσθαι
1082 1432 1207 1514 αὑτοῦ
1219 1439 1313 1515 τῶν
1337 1441 1566 1542 κτημάτων.

151 1567 212 1662 (si
229 1569 312 1670 quis
331 1567 430 1643 diem
449 1581 702 1667 transgressus
731 1565 843 1642 fuerit
871 1576 908 1640 et
935 1566 1091 1642 mulctas
1121 1593 1200 1642 non
1227 1569 1428 1665 solverit,
1458 1572 1566 1648 liceat

151 1694 406 1793 possessiones
425 1693 542 1794 ipsius
561 1691 825 1794 prehendere.)

257 1834 436 1912 Suidas
464 1862 491 1910 s.
513 1862 547 1909 v.
575 1829 830 1929 Χρὴσασθαιι
858 1832 988 1913 lieno
1016 1833 1104 1911 dare
1132 1831 1329 1931 (χρῆσαι)
1363 1842 1493 1916 satius
1517 1852 1566 1916 eat

150 1986 261 2061 quam
282 1960 403 2037 fenori
423 1959 511 2035 dare
532 1954 769 2058 (δανεῖσαι);
797 1985 884 2036 nam
912 1958 1003 2036 illud
1032 1961 1131 2039 inter
1158 1964 1302 2041 amcos
1337 1965 1483 2045 losum
1507 1965 1565 2041 ha·

150 2085 234 2182 bet,
263 2084 476 2161 feneramur
494 2111 582 2161 vero
601 2084 763 2163 cuilibet
1232 2158 1234 2162 .

256 2207 386 2286 Idem
406 2236 434 2284 s.
456 2238 491 2288 v.
511 2203 704 2308 Χρήστης;
738 2211 809 2287 hoo
838 2209 970 2287 dicitur
988 2219 1063 2288 tam
1082 2211 1130 2289 de
1148 2211 1213 2287 illo
1233 2215 1301 2315 qui
1326 2216 1467 2292 fenori
1487 2216 1567 2310 dat,

150 2362 261 2437 quam
281 2336 342 2435 qui
364 2336 492 2411 fenore
511 2335 654 2437 accipit
693 2332 963 2436 Aristophanes
991 2347 1115 2411 autem
1144 2330 1333 2432 Χρὴστας
1367 2357 1493 2419 vocat
1520 2343 1566 2418 le·

148 2475 356 2559 neratores;
376 2461 582 2538 communis
602 2461 700 2536 enim
721 2487 809 2537 usus
829 2459 1004 2563 loquendi
1025 2459 1210 2536 debitores
1231 2463 1289 2539 sic
1312 2463 1430 2543 dicit.
1454 2467 1564 2546 Athe·

149 2586 297 2663 aienses
321 2611 412 2663 vero
441 2585 642 2663 creditores
671 2598 807 2662 vocant
825 2577 1021 2682 Χρῆστας,
1051 2582 1241 2662 debitores
1260 2601 1407 2667 autem
1427 2596 1565 2690 Χρεα-

149 2713 332 2804 φειλὲτας.
371 2711 594 2812 Phocylides
612 2722 736 2788 autem
756 2710 962 2786 secundum
980 2734 1215 2786 communem
1236 2712 1438 2813 loquendi
1460 2745 1565 2795 usum

149 2839 337 2915 debitores
357 2848 478 2913 vocat.

256 2962 394 3040 Lexica
420 2959 652 3058 Segueriana
680 2990 716 3062 p.
746 2963 823 3036 249
854 2962 1066 3063 ingressum
1095 2960 1295 3039 creditoris
1328 2965 1374 3043 in
1410 2968 1562 3047 domm

149 3087 326 3166 debitoris
346 3086 555 3183 ἐμβατείαν
575 3099 612 3162 et
630 3082 825 3184 εμβαδίαν
844 3101 992 3167 vocant.

734 3296 813 3381 Ar
835 3299 950 3383 768.

256 3465 299 3545 Id
329 3477 386 3542 est
411 3465 614 3565 inquilinus
641 3491 718 3540 non
745 3467 867 3568 potuit
896 3464 1034 3542 fundos
1054 3476 1090 3541 et
1107 3465 1240 3556 aedes,
1271 3467 1394 3546 titulo
1414 3475 1553 3565 mutui,

147 3618 217 3695 pro
236 3617 276 3666 se
295 3616 488 3691 occupare.
526 3591 648 3665 Locus
675 3590 961 3689 Demosthenis,
991 3589 1090 3666 unde
1119 3590 1234 3667 verba
1261 3588 1366 3692 legis
1388 3600 1552 3693 extraxi,

147 3719 199 3792 ita
217 3745 256 3792 se
274 3717 408 3793 habet:
434 3709 703 3810 μισθούμενος
732 3703 806 3786 οὖν
835 3705 901 3787 ὅδε
933 3707 1006 3802 τὴν
1029 3714 1211 3816 ἐργασίαν
1241 3707 1381 3807 αὐτὴν
1399 3716 1476 3811 τὴν
1493 3721 1551 3812 τῆς

147 3843 326 3937 τραπέζης
350 3843 417 3912 καὶ
437 3833 505 3923 τᾶς
524 3832 856 3932 παρακαταθήκας
875 3833 1108 3938 λαμβάνων,
1138 3831 1242 3937 ὁρῶν
1272 3833 1297 3913 ὅ
1307 3871 1385 3932 τι,
1411 3843 1549 3938 μήπω

147 3962 230 4055 τῆς
269 3966 530 4048 πολιτείας
568 3954 702 4063 αὖτῴ
739 3967 844 4060 παρ’
873 3953 996 4061 ὑμῖν
1034 3954 1206 4055 οὔσης,
1247 3960 1357 4062 οὐχ
1397 3964 1548 4057 οἶόςτ’

148 4091 298 4164 ἔσοιτ’
337 4085 662 4187 εἰσπράττειν
698 4082 789 4164 ὅσα
818 4093 1028 4164 Πασίων
1055 4094 1136 4164 ἐπί
1163 4086 1222 4191 γῇ
1251 4097 1346 4167 καί
1378 4121 1546 4172 συνοι-

148 4218 288 4300 κίαις
316 4214 340 4290 δ
348 4213 400 4290 εδ
409 4244 433 4290 α
445 4243 518 4290 νει
533 4211 600 4289 καὶ
613 4245 636 4301 ς
658 4206 680 4304 ἦ
691 4242 723 4292 ν.
754 4217 848 4309 (Hic
866 4219 981 4316 igitur
998 4243 1148 4295 mensae
1168 4231 1334 4317 quaestu
1354 4224 1446 4328 ipso
1463 4252 1545 4303 cou-

147 4344 259 4422 ducto
278 4354 316 4418 et
334 4356 488 4445 accepto
507 4343 696 4446 deposito,
726 4369 840 4444 quum
870 4344 1015 4422 viderat
1043 4370 1103 4437 se,
1133 4344 1221 4442 quia
1240 4347 1422 4429 nondum
1440 4351 1544 4428 inci-

149 4470 302 4549 vitatem
321 4481 482 4545 vestram
501 4471 638 4546 ascitus
657 4478 776 4565 esset,
805 4496 882 4547 non
909 4495 1022 4570 posse
1042 4469 1192 4568 exigere
1211 4496 1283 4571 ea,
1312 4502 1420 4578 quae
1438 4479 1545 4557 Pario

148 4595 196 4673 ad
215 4592 349 4671 fundos
370 4605 408 4668 et
426 4592 538 4669 aedes
556 4593 637 4668 aliis
656 4603 784 4670 mutuo
804 4593 960 4672 dederat
978 4599 1068 4687 etc.)

733 4802 809 4887 Ad
829 4806 944 4888 ⁷00.

207 5010 212 5019 .
255 4960 1220 5081 ΗιιιροοηιίὶοτἘξούλης.Ἐδικάζετοὲξρύρη.
1289 4936 1296 4959 ·
1349 4938 1496 4978 φησι..

145 5098 324 5190 κατέχειν
361 5089 562 5192 ἐπιχειρῶν
600 5091 727 5188 κτῆμα
766 5091 837 5168 τοῦ
870 5096 1130 5191 χρεωστοῦνςι
