3404 5782
156 352 234 429 604
424 395 426 399 ,
555 375 863 428 concurreramus
885 373 936 422 an
958 364 1036 423 rosa.
1057 368 1143 422 raca.

82 561 86 570 ’
157 569 231 646 rias
252 595 325 645 nou
346 594 454 669 posse
473 567 573 644 hanc
592 566 772 670 applicari
793 564 935 664 legem,
965 562 1218 664 intelligimus
1251 586 1307 637 ex
1330 585 1379 635 eo
1400 558 1491 658 quod
1505 557 1544 635 So

156 696 221 771 lon
240 693 395 788 mulieri,
417 716 511 792 quae
532 691 607 769 filia
626 690 851 769 hereditaria
869 689 957 781 luit,
977 687 1221 789 permiserit,
1248 686 1286 761 si
1308 684 1471 761 maritus
1487 686 1543 783 eju

158 818 220 920 qui
240 819 273 894 ei
293 817 499 895 secundum
519 817 641 917 legem
661 817 808 917 obtigit,
828 816 925 892 coire
945 840 1021 890 non
1040 813 1262 916 potuisset,
1289 837 1381 887 rem
1401 835 1482 885 cnm
1497 813 1544 908 eju

157 944 376 1045 propinguis
397 942 555 1040 habere;
583 955 624 1019 ut
644 943 716 1018 hoc
735 939 845 1017 modo
865 940 1005 1030 mariti,
1031 940 1093 1040 qui
1122 937 1407 1040 pecuniae
1437 962 1544 1012 canu

157 1068 356 1146 dotatas
384 1068 569 1145 ducunt
597 1069 833 1145 mulieres
871 1059 1104 1162 (χρημάτων
1129 1067 1265 1137 ἕνεκα
1299 1054 1544 1159 λαμβάνοιτο

157 1190 426 1290 ἐπικλήρους),
456 1220 540 1270 oum
569 1195 750 1271 dedecore
775 1203 1018 1298 permaneant
1034 1191 1074 1265 in
1094 1189 1301 1293 ejusmodi
1324 1191 1544 1274 matrimomo.

157 1320 336 1397 avaritiae
355 1319 587 1420 injuriaeque
606 1344 748 1421 poenas
770 1316 903 1394 dantes
924 1319 1028 1413 (μετ’
1038 1309 1236 1409 αἰσχύνης
1259 1317 1490 1404 καθέξουσι
1505 1342 1544 1405 φι-

156 1445 387 1528 λοπλουτίας
405 1446 473 1516 καὶ
492 1435 640 1541 ὕβρεως
660 1439 775 1532 δίκην
795 1438 993 1536 διδόντες).
1017 1440 1200 1519 Solonem
1222 1469 1316 1519 non
1338 1442 1545 1544 prohibuiue

156 1571 282 1649 dotem
301 1569 462 1647 filiarum
481 1570 808 1665 hereditariamm,
843 1569 909 1644 sed
937 1567 1085 1644 illarum
1111 1592 1212 1666 quae
1249 1569 1362 1645 talea
1391 1594 1472 1644 non
1489 1569 1546 1644 luis

155 1707 254 1790 sent,
283 1707 388 1797 patet
407 1722 427 1772 e
447 1695 572 1772 verbis
591 1693 781 1771 Plutarchi
801 1693 935 1788 (Solon
956 1693 1048 1785 20):
1066 1687 1147 1764 uir
1167 1685 1204 1763 δ’
1227 1683 1425 1765 ἄλλοιν
1448 1688 1548 1794 γάμοι

156 1814 288 1913 ἀφεῖλε
307 1812 374 1905 τοὶς
393 1813 545 1915 φερνάς.
582 1819 808 1922 Opinionem
827 1819 925 1895 hane
943 1843 1021 1894 non
1041 1817 1176 1894 evertit
1195 1816 1270 1895 lex
1295 1817 1462 1896 Solonis
1479 1817 1548 1919 apul

154 1946 445 2027 Demosthenem
466 1945 550 2022 adv.
570 1945 816 2021 Macartatum
837 1944 961 2037 1068,
990 1942 1038 2021 ad
1064 1968 1179 2043 quam
1209 1940 1349 2022 Meier
1370 1948 1475 2040 (Der
1491 1946 1547 2020 att·

155 2072 242 2148 sche
262 2071 418 2149 Process
437 2098 474 2172 p.
494 2071 594 2163 417)
613 2080 812 2171 provocat,
842 2069 879 2143 vi
898 2069 1003 2170 cujus
1023 2069 1137 2144 filiam
1158 2069 1312 2145 orbam
1332 2071 1461 2148 infimi
1478 2071 1547 2148 ordi·

155 2196 232 2292 nis,
261 2196 375 2294 vulgo
396 2191 569 2284 θῆσσαν,
598 2220 738 2293 genere
767 2196 960 2297 proximus
991 2194 1075 2272 dote
1104 2194 1196 2272 data
1226 2193 1442 2274 collocare
1465 2196 1548 2274 debe·

154 2320 230 2398 bat.
269 2322 365 2399 Nam
394 2332 431 2398 et
457 2319 524 2397 has
552 2321 612 2397 lex
640 2321 705 2397 illa
730 2321 970 2397 hereditarias
1000 2320 1177 2422 appellat.
1225 2316 1335 2393 Τῶν
1364 2315 1548 2407 eutati-

155 2475 252 2545 ρων
278 2439 368 2518 ὅσαι
389 2439 557 2534 θητικὸν
576 2442 763 2519 τελοῦσιν.
792 2488 845 2505 ·-
873 2446 988 2523 Nulla
1015 2444 1129 2544 igitur
1152 2443 1273 2521 adest
1294 2474 1425 2526 causa
1444 2450 1549 2550 legen

155 2598 267 2672 quam
285 2571 508 2649 Plutarchus
527 2572 565 2646 in
594 2571 672 2647 vita
690 2569 840 2646 Solonis
870 2574 973 2673 (cap.
996 2571 1067 2663 20)
1100 2583 1324 2669 memorat,
1356 2575 1401 2650 in
1422 2573 1549 2650 dubim

155 2698 334 2794 vocandi,
363 2722 588 2800 quamquam
614 2698 704 2774 satia
732 2707 878 2773 constet
905 2697 1008 2775 illam
1036 2696 1167 2773 seriori
1194 2709 1338 2776 aetate
1361 2728 1446 2779 non
1463 2701 1549 2778 tiriae

140 2825 400 2900 observatam.

259 2948 316 3024 cf.
335 2948 480 3025 Becker
498 2947 698 3025 Charicles.
717 2948 784 3025 ΙΙΙ.
804 2975 840 3049 p.
859 2949 950 3023 295.

259 3091 370 3193 Apud
389 3093 700 3171 Lacedaemonios
720 3118 880 3193 sponsae
902 3092 1043 3168 nullam
1060 3092 1318 3192 accipiebant
1338 3097 1483 3175 dotem.
1507 3098 1547 3172 ln·

153 3229 362 3317 terrogatua
389 3229 514 3294 autem
543 3218 741 3319 Lycurgus
770 3243 835 3294 cur
861 3219 1025 3319 virgines
1054 3219 1134 3294 sine
1163 3217 1260 3295 dote
1295 3235 1472 3326 nuptum
1493 3221 1549 3299 dari

150 3342 336 3442 jussisset,
366 3343 579 3444 respondit:
606 3369 653 3421 ne
682 3344 741 3420 vel
772 3345 821 3420 ob
849 3345 1014 3445 inopiam
1041 3344 1192 3443 aliquae
1223 3361 1448 3426 manerent
1463 3351 1549 3426 innn-

153 3479 260 3571 ptae,
289 3470 350 3544 vel
368 3477 523 3570 propter
542 3493 633 3570 opes
653 3480 937 3571 expeterentur3
965 3469 1031 3546 sed
1055 3469 1177 3570 quivis
1198 3470 1243 3545 in
1263 3499 1405 3552 mores
1425 3476 1549 3577 puellae

151 3594 320 3688 intuens,
349 3593 526 3669 virtutem
552 3593 593 3669 in
621 3584 767 3671 delectu
797 3607 1020 3694 sequeretur.
1059 3594 1358 3688 (Plutarch.
1390 3600 1549 3704 apoph-

153 3717 326 3819 thegm.
354 3718 509 3795 lacon.
538 3719 745 3820 Lycurg.
773 3720 855 3811 15.)

259 3845 437 3921 Herodot.
457 3846 486 3938 Ι,
507 3845 579 3920 93:
611 3840 692 3917 Τοῦ
712 3840 855 3918 Aurinia
884 3839 1007 3940 δῆμου
1035 3843 1074 3916 αἱ
1099 3846 1326 3944 θυγατέρες
1349 3848 1550 3950 πορνεύον-

150 3995 214 4041 ται
235 3964 374 4057 ιιᾶσαι,
403 3970 653 4070 συλλέγουσαι
674 3970 783 4063 σφίσι
802 3963 945 4067 φερνάς
955 4025 966 4058 ,
995 3972 1032 4053 ἐς
1051 3958 1074 4040 3
1093 3960 1144 4041 dr
1163 3971 1455 4064 συνοικήσωσι
1473 3974 1550 4050 τοῦ·

150 4120 195 4166 το
215 4093 412 4169 ποιοῦσαι·
439 4091 638 4169 ἐκδιδόασι
657 4093 696 4170 δὲ
719 4089 836 4169 adrui
855 4091 1007 4181 ἑωυτάς.
1042 4097 1177 4191 (Filiae
1199 4104 1354 4201 populi
1376 4105 1549 4206 Lydonm

151 4221 433 4299 meretricantur
450 4249 598 4317 omnes,
628 4222 752 4300 dotem
771 4223 842 4299 sibi
867 4224 1103 4323 colligentes,
1131 4222 1292 4326 hocque
1329 4231 1484 4308 faciunt
1501 4232 1549 4308 do·

151 4371 220 4425 nec
237 4358 420 4448 nupturae
440 4359 538 4425 sunt.
576 4346 625 4425 Se
644 4360 768 4425 autem
786 4347 889 4450 ipsae
909 4349 948 4425 in
967 4348 1248 4425 matrimonium
1269 4355 1473 4453 elocant.)

725 4559 801 4643 Ad
817 4561 962 4644 1³00.

256 4726 302 4802 In
321 4726 392 4803 hac
410 4737 517 4826 parte
539 4727 657 4827 major
685 4740 765 4804 erat
789 4729 1000 4804 humanitas
1020 4726 1259 4807 Graecorum
1281 4759 1411 4835 quam
1431 4742 1547 4817 Roma·

149 4878 291 4929 norum.
319 4852 501 4929 Romulus
520 4853 620 4928 enim
639 4854 771 4929 duram
790 4854 893 4930 illam
910 4855 1033 4954 legem
1051 4851 1154 4949 tulit,
1180 4882 1289 4954 quae
1310 4868 1467 4944 mulieri
1485 4892 1546 4942 non

148 4977 329 5079 permittit
347 4976 536 5056 discedere
556 5005 578 5054 a
597 4979 748 5074 marito,
779 4980 960 5080 permittit
987 4988 1111 5057 autem
1138 4984 1287 5064 marito
1319 4990 1434 5072 illam
1453 5019 1545 5097 repu-

148 5101 259 5180 diare.
289 5104 561 5199 (Plutarch.
589 5104 770 5183 Romul.
799 5106 883 5198 22.)
