3436 5790
463 382 769 436 commaneamus
790 381 841 429 no
862 372 941 431 rora.
963 373 1043 432 rurs.
1064 374 1144 432 roso.
1165 375 1244 432 roas.
1470 357 1545 431 555

159 585 258 650 tores
278 575 431 652 militiae
459 574 602 651 navalis
630 596 696 674 per
725 581 839 648 totam
859 568 1056 678 Graeciam
1074 574 1348 674 investigentur
1367 572 1545 647 omnium·

160 727 230 800 que
251 727 383 777 manus
404 701 648 789 recidantur.)

735 836 810 920 Ad
829 838 971 921 10⁷4.

268 1008 380 1108 Apud
400 1007 640 1084 Plataeenses
657 1007 688 1082 si
707 1006 757 1098 is,
787 1007 849 1105 qui
870 1007 984 1082 semel
1002 1007 1081 1108 jam
1102 1008 1141 1081 in
1161 1007 1363 1083 certamine
1384 1009 1547 1107 palmam

160 1133 336 1209 victoriae
356 1131 514 1232 adeptus
534 1143 609 1223 est,
639 1133 677 1206 in
696 1131 769 1207 alio
788 1130 990 1207 certamine
1016 1131 1136 1207 victus
1165 1131 1314 1222 fuisset,
1343 1145 1460 1206 morte
1481 1159 1548 1232 pu-

160 1259 342 1335 aiebatur.
372 1257 512 1357 Legem
532 1255 647 1331 refert
666 1255 911 1331 Philostratus
932 1255 999 1347 (de
1020 1255 1266 1358 Gymnastioa
1284 1251 1318 1355 d.
1339 1255 1374 1330 8.
1395 1257 1452 1332 ed.
1471 1259 1547 1333 Da·

160 1385 345 1481 remberg.
375 1382 526 1457 Parisiis
552 1380 693 1472 1858):
722 1374 794 1452 τὸν
813 1368 882 1467 ἤδη
901 1383 1219 1475 ἐστεφανωμένον
1230 1434 1241 1467 ,
1261 1382 1298 1452 αι’
1315 1373 1549 1480 ἀγωνίζοιτο

162 1500 301 1595 αὖθις,
341 1500 526 1608 ἐγγυητάς
564 1500 638 1578 ἔδοι
676 1501 910 1594 καταστῆσαι
938 1503 1009 1580 τοῦ
1039 1502 1229 1602 σώματος·
1274 1501 1447 1592 θάνατος
1475 1500 1550 1608 γὰρ

163 1625 364 1731 ἡττωμένῳ
384 1634 671 1728 προσετέτακτο.

739 1787 816 1871 Ad
833 1789 977 1871 1075.

267 1957 487 2056 Argument.
507 1957 546 2031 in
565 1952 757 2032 Demosth.
779 1953 826 2031 de
847 1980 988 2030 corona
1007 1955 1105 2030 trier.
1130 1952 1253 2028 1228:
1283 1949 1406 2050 Χῶμα
1426 1965 1549 2033 autem

162 2112 226 2161 seu
246 2082 398 2160 Vallum
418 2093 498 2160 erat
517 2092 702 2158 structura
720 2081 842 2182 portui
871 2080 1107 2181 praeposita,
1136 2091 1178 2155 ut
1198 2089 1234 2155 et
1252 2107 1368 2158 naves
1388 2104 1550 2157 commo·

162 2209 244 2285 dius
263 2207 402 2309 appelli
423 2219 579 2309 possent
598 2218 634 2282 et
654 2217 789 2283 nautae
809 2206 859 2281 ibi
881 2205 1003 2282 lorum
1022 2207 1217 2284 haberent.

740 2415 816 2499 Ad
833 2417 975 2500 108⁰.

269 2584 399 2662 Cicero
420 2582 464 2659 de
484 2593 604 2659 natur.
625 2584 725 2658 deor.
747 2584 774 2674 I,
795 2550 860 2676 23]
880 2582 951 2656 63:
983 2578 1178 2660 Abderites
1199 2583 1348 2683 quidem
1368 2584 1548 2685 Protago-

162 2739 223 2790 ras
243 2738 326 2786 cum
346 2711 385 2785 in
404 2709 589 2810 principio
608 2708 691 2784 libri
712 2708 841 2784 suisio
868 2711 1075 2810 posuisset:
1106 2707 1160 2784 de
1189 2708 1284 2785 diis
1313 2733 1471 2810 neque
1499 2720 1552 2785 ut

164 2838 283 2930 sint,
313 2860 468 2934 neque
497 2843 671 2910 utnon
700 2835 821 2928 sint,
860 2833 1017 2910 habeo
1047 2834 1235 2928 dicere,
1266 2833 1552 2912 Atheniensium

157 2965 265 3064 jussu
285 2962 376 3037 urbe
397 2972 507 3063 atque
528 2987 619 3062 agro
639 2971 696 3036 est
724 2961 989 3038 exterminatus
1018 2959 1178 3059 librique
1207 2961 1288 3061 ejus
1312 2960 1551 3039 inconcione
1578 3030 1581 3036 .

164 3087 358 3164 combusti.

269 3213 472 3317 Joseph.
502 3216 633 3293 Flav.
662 3243 692 3292 c.
715 3215 884 3319 Apion.
914 3213 1053 3307 luat:
1084 3215 1328 3316 Protagoras,
1358 3217 1428 3292 nisi
1448 3218 1552 3293 ocius

164 3341 388 3441 aufugisset,
418 3341 706 3442 comprehensus
723 3343 943 3435 interiisset,
973 3339 1074 3441 quod
1103 3339 1242 3440 aliquid
1271 3341 1462 3443 scripsisse
1482 3360 1550 3442 pu·

163 3478 304 3542 taretur
322 3467 538 3568 discrepans
557 3467 605 3543 ab
626 3464 908 3546 Atheniensium
927 3466 973 3542 de
992 3466 1062 3542 diis
1081 3466 1331 3567 opinionibus.

272 3592 563 3669 Philostrat.
584 3592 677 3669 Vit.
702 3591 916 3693 Sophist.
938 3592 974 3685 l,
995 3592 1066 3665 10:
1095 3591 1322 3694 Protagoras
1343 3594 1441 3693 quod
1461 3591 1550 3670 dicit

165 3744 243 3793 sese
265 3717 457 3809 dubitare,
487 3717 537 3793 dii
556 3719 630 3794 sint
650 3743 697 3793 an
717 3743 793 3792 non
812 3717 905 3811 sint,
936 3717 1085 3794 videtur
1113 3718 1203 3794 mihi
1233 3743 1252 3792 e
1272 3717 1426 3795 Persica
1445 3718 1552 3793 disci-

165 3843 266 3944 plina
283 3843 396 3944 impie
415 3845 612 3920 derivasse.
651 3845 760 3921 Hanc
788 3843 837 3919 ob
866 3868 1017 3919 causam
1042 3844 1142 3919 omni
1163 3854 1263 3920 terra
1281 3844 1329 3919 ab
1349 3841 1553 3921 Athenien-

165 3970 267 4045 sibus
287 3971 463 4071 expulsus
482 3981 547 4045 est.

749 4070 826 4155 Ad
842 4073 976 4155 1081.

273 4238 435 4341 Sopater
453 4238 558 4315 divis.
580 4250 720 4340 quaest.
742 4238 841 4313 333:
868 4230 941 4310 τὸν
968 4234 1168 4327 ἐξανιόντα
1187 4232 1234 4309 τά
1252 4232 1443 4335 μυστήρια
1462 4240 1555 4309 aab·

168 4360 292 4439 νὰναι.
324 4365 417 4458 (Qui
436 4364 616 4465 mysteria
634 4364 864 4464 vulgaverit,
885 4365 1007 4466 capite
1027 4365 1138 4455 luat.)

273 4491 384 4565 Teste
415 4489 530 4565 Suida
559 4494 612 4582 (s.
643 4518 676 4566 v.
707 4484 896 4591 Διαγόρας
925 4477 946 4561 ri
977 4482 1157 4581 Μήλιος)
1188 4488 1436 4568 Athenienses
1463 4517 1556 4567 voce

166 4617 361 4721 praeconis
392 4617 630 4717 pronunciari
659 4630 696 4692 et
724 4642 856 4694 aereae
888 4616 1083 4692 columnae
1102 4616 1257 4692 inscribi
1280 4617 1493 4719 jusserunt,
1524 4617 1553 4692 si

167 4748 229 4846 qui
253 4745 458 4843 Diagoram
487 4744 704 4838 occidisset,
734 4744 936 4836 talentum,
966 4744 1028 4845 qui
1057 4744 1185 4818 vivum
1214 4743 1449 4837 adduxisset,
1480 4742 1553 4818 duo

167 4872 308 4949 talenta
327 4880 566 4970 accepturum
586 4892 677 4945 esse.
716 4869 800 4946 Hoc
818 4880 943 4947 autem
968 4869 1137 4945 iecerunt
1155 4880 1310 4972 propter
1328 4867 1407 4968 ejus
1426 4868 1553 4968 impie·

168 5010 302 5091 tatem,
323 4995 421 5094 quod
442 4995 619 5094 mysteria
639 4994 812 5070 omnibus
832 4994 1057 5070 enunciaret.

273 5119 465 5221 Josephus
490 5120 641 5196 Flavius
671 5122 722 5213 (c.
743 5117 877 5221 Apion.
898 5121 946 5214 II,
967 5120 1039 5213 37)
1068 5120 1196 5199 scribit
1223 5121 1269 5199 de
1299 5121 1369 5196 hoc
1388 5119 1552 5218 Diagora
