3436 5790
645 452 805 504 rruacrs
830 450 1083 504 ausisausis.
1483 426 1558 506 197

166 669 230 737 χρι
260 637 499 732 πεντήκοντα
530 639 716 740 δραχμῶν
744 644 1020 740 εἰσφερέτωσαν
1040 648 1092 728 είς
1112 640 1182 734 τὴν
1201 638 1352 742 βουλήν
1375 637 1397 734 ἢ
1416 648 1467 729 είς
1487 641 1557 737 τὴν

171 764 316 864 πρώτην
344 771 566 859 ἐκκλησίαν.

555 891 749 988 (Aeschin.
770 922 800 970 c.
821 893 1008 972 Timarch.
1031 891 1064 995 ξ.
1087 896 1147 972 35.
1170 896 1248 974 Les
1269 895 1448 994 Solonis.)

813 1057 902 1133 795.

272 1200 310 1275 Si
331 1201 412 1300 quis
431 1212 619 1277 oratorum
638 1202 676 1277 in
697 1212 829 1276 senatu
849 1213 913 1276 aut
930 1229 997 1301 pro
1014 1201 1194 1277 concione
1214 1202 1273 1276 vel
1294 1226 1368 1275 non
1388 1226 1553 1277 seorsum

168 1326 210 1401 de
230 1351 268 1401 re
290 1326 481 1426 proposita
501 1327 560 1400 vel
580 1326 637 1401 bis
656 1327 701 1402 de
722 1327 852 1401 eadem
872 1355 909 1401 ro
923 1327 1023 1428 apud
1044 1328 1194 1402 eosdem
1214 1327 1347 1404 dixerit
1366 1327 1444 1402 sive
1464 1353 1552 1402 con-

166 1451 337 1527 viciando
357 1452 436 1527 sive
457 1451 713 1528 maledicendo
733 1453 842 1527 alicui
862 1453 940 1528 sive
960 1453 1055 1555 pede
1076 1452 1355 1553 supplodendo‚
1378 1452 1438 1527 vel
1457 1453 1554 1529 inter

167 1576 437 1656 decernendum
465 1607 667 1681 assurgens
693 1581 906 1683 importune
931 1582 1077 1657 locutus
1097 1581 1208 1656 fuerit
1229 1581 1275 1657 de
1294 1583 1406 1657 rebus
1425 1607 1448 1656 a
1466 1607 1552 1679 sug·

165 1713 272 1800 gestu
291 1702 438 1799 alienis,
468 1706 527 1781 vel
547 1707 707 1808 aliquem
726 1707 940 1801 concitant,
971 1707 1031 1781 vel
1051 1708 1284 1807 praefectum
1304 1705 1476 1799 traxerit,
1496 1705 1550 1782 di·

165 1829 276 1904 missa
305 1829 483 1908 concione
512 1843 576 1908 aut
603 1844 755 1926 senatu,
791 1833 871 1932 ejus
898 1832 1103 1907 mulctandi
1132 1842 1298 1933 potestas
1327 1842 1406 1907 esto
1437 1857 1553 1932 penes

165 1953 353 2054 praesides
372 1983 488 2056 usque
508 1957 555 2034 ad
574 1956 847 2058 quinquaginta
866 1957 1062 2032 drachmas
1078 1957 1117 2031 in
1137 1958 1284 2054 singula
1304 1955 1441 2033 delicta
1459 1956 1551 2033 mul·

166 2090 260 2155 ctam
287 2080 505 2189 imponqndi
525 2093 563 2157 et
580 2082 620 2156 in
640 2081 787 2156 tabulas
818 2082 1053 2157 exactoribus
1082 2080 1283 2157 tradendas
1311 2079 1551 2163 inscribendi.

166 2204 304 2298 Quodsi
322 2205 536 2307 graviorem
554 2207 732 2282 meruisse
753 2233 915 2308 poenam
936 2206 1143 2300 videbitur,
1178 2206 1320 2283 indicta
1339 2209 1476 2282 mulcta
1495 2233 1553 2281 us·

166 2356 235 2430 que
253 2330 300 2407 ad
320 2332 591 2435 quinquaginta
609 2330 821 2423 drachmas,
852 2330 1050 2408 deferunto
1069 2330 1116 2406 ad
1136 2345 1307 2408 senatum
1326 2343 1388 2409 aut
1409 2330 1456 2407 ad
1476 2318 1550 2435 pri·

166 2436 259 2531 mani
278 2457 498 2533 concionem
517 2458 557 2532 in
576 2461 686 2534 cruia.

810 2564 898 2640 796.

262 2692 322 2777 ‘H
334 2700 457 2804 βουλὴ
480 2702 642 2801 ζημιοῦν
661 2715 742 2791 ταῖς
763 2708 1035 2793 πεντακοσίαις
1055 2712 1130 2781 εὀτι
1151 2711 1279 2803 κυρία.

581 2833 792 2927 (Demosth.
813 2833 852 2908 in
872 2834 1008 2933 Euerg.
1030 2847 1067 2908 et
1086 2830 1282 2911 Mnesibul.
1308 2834 1442 2927 1152.)

808 2996 897 3071 796.

266 3136 427 3212 Senatus
448 3139 662 3236 quingentis
681 3139 867 3216 drachmis
887 3140 1089 3217 mulctandi
1111 3140 1227 3217 habet
1246 3149 1485 3241 potestatem.
1531 3196 1534 3201 -
1644 3148 1662 3188 ⁸

808 3299 897 3373 797.

273 3432 372 3521 Totis
392 3441 434 3512 ἐν
453 3433 506 3536 τῴ
528 3437 715 3537 συνεδρίῳ
736 3436 1011 3537 λοιδοροῦντας
1032 3439 1206 3536 ζημιοῦν.
1384 3513 1390 3525 ,

931 3566 1084 3670 (Lysias
1104 3594 1173 3668 pro
1194 3567 1307 3644 milite
1329 3563 1362 3667 ξ.
1384 3569 1440 3662 9.)

808 3709 897 3816 797.

265 3854 337 3946 Qui
358 3855 395 3931 in
415 3857 497 3960 ipso
517 3856 694 3932 tribunali
714 3856 884 3932 convicia
902 3857 1080 3950 fecerint,
1111 3860 1347 3935 mulctentur.

806 4021 895 4098 798.

267 4160 312 4234 02
342 4156 535 4262 γνιιξιιονες
564 4159 740 4256 ζημιοῦσι
768 4158 840 4238 τὸν
868 4159 1126 4267 ἐργαζόμενον
1154 4159 1201 4237 τά
1222 4167 1305 4260 περί
1325 4158 1391 4250 τὰς
1405 4167 1545 4261 μορίας

154 4289 289 4383 χωρία.
794 4292 949 4393 (Lysias
968 4320 1038 4395 pro
1059 4318 1166 4370 sacra
1183 4293 1276 4369 olea.
1298 4288 1331 4392 ξ.
1353 4294 1438 4384 25.)

804 4452 894 4529 798.
1105 4451 1109 4459 ’
1426 4454 1429 4459 ’

1531 2932 1534 2941 ι

262 4597 499 4703 Inspectores
517 4620 601 4676 enm
620 4595 820 4697 mulctant,
846 4599 907 4706 qui
930 4594 1012 4679 loca
1036 4599 1125 4680 colit
1143 4590 1257 4683 sacris
1277 4598 1368 4682 oleis
1388 4600 1540 4680 consita
