3436 5790
456 413 763 464 consuescamus
785 413 836 462 nn
855 409 919 467 aas.
938 410 1001 468 aar.
1021 410 1083 469 ³32.
1103 407 1167 470 aas.
1189 412 1252 469 sec.
1468 393 1546 471 465

748 618 823 702 Ad
843 620 959 703 323.

268 781 428 856 Navium
448 781 636 882 inspector
655 784 860 858 vocabatur
879 785 990 859 etiarn
1011 778 1155 869 δὶοπος.
1185 783 1435 880 (PolluxVII,
1459 785 1544 862 189.

161 903 427 1004 Harpocratio,
449 905 681 1007 Hesychius,
706 905 842 984 Suidas
859 938 888 981 s.
909 935 944 983 v.
965 905 1129 1003 δίοπος.)

268 1027 363 1104 Vide
383 1031 419 1104 in
441 1031 654 1106 universum
674 1030 719 1106 de
739 1031 1019 1130 magistratibus
1039 1035 1235 1112 navalibus
1256 1035 1433 1112 Boekhii:
1465 1033 1544 1110 Ur·

160 1154 359 1232 handen
379 1155 473 1230 llber
491 1154 557 1229 das
577 1154 786 1231 Seewesen.
816 1153 908 1255 Cap.
931 1155 974 1232 V.
995 1185 1031 1258 p.
1052 1158 1221 1235 48-·tll.

268 1278 380 1381 Apud
399 1278 713 1355 Lacedaemonios
743 1298 818 1354 non
848 1291 929 1355 erat
952 1282 1084 1375 moris,
1113 1294 1154 1357 ut
1172 1283 1269 1359 idem
1290 1282 1417 1360 classis
1436 1309 1541 1386 prae·

160 1404 338 1482 lecturam
356 1404 414 1480 bis
435 1403 630 1479 obtineret.
670 1401 979 1502 (Xenophon.
1008 1405 1119 1482 bist.
1143 1433 1207 1506 gr.
1228 1409 1275 1503 ΙΙ,
1301 1408 1333 1505 l,
1353 1407 1410 1500 7.)

746 1615 822 1699 Ad
842 1617 957 1700 324.

268 1783 310 1858 In
330 1781 555 1858 Thuriorum
574 1784 767 1883 republica
785 1786 846 1862 lex
866 1796 960 1878 erat,
989 1809 1036 1860 ne
1057 1784 1138 1884 quis
1158 1784 1334 1861 exercitui
1354 1795 1544 1886 praeesset

160 1906 230 1982 nisi
249 1908 500 2007 quinquennio
520 1908 739 1987 intermisso.
770 1908 1048 2001 (Aristotel.
1069 1909 1213 1987 Polit.
1234 1908 1280 2006 V,
1303 1910 1338 2007 6,
1359 1909 1416 2003 8.)

746 2119 822 2202 Ad
841 2121 957 2203 332.

258 2275 374 2368 ’Ἔδος
393 2294 450 2359 est
469 2284 588 2383 ipsum
608 2282 800 2361 Minervae
820 2285 1055 2389 simulacrum
1077 2286 1136 2363 vel
1155 2288 1348 2389 templum.
1383 2287 1544 2381 (Lexica

159 2407 390 2508 Segueriana
409 2437 443 2510 p.
465 2409 553 2484 246.
583 2407 705 2484 Photii
725 2410 894 2485 biblioth.
916 2439 950 2512 p.
977 2414 1087 2487 1069.
1117 2411 1251 2488 Suidas
1272 2441 1299 2487 s.
1320 2440 1354 2488 r.
1375 2407 1489 2506 ἕδος.)

267 2552 346 2629 Sub
375 2579 504 2629 mensa
532 2578 623 2628 vero
652 2552 717 2628 illa
744 2553 983 2653 intelligitur,
1014 2557 1071 2630 cui
1100 2555 1387 2656 imponebantur
1406 2556 1544 2655 portio-

159 2704 226 2754 nes
246 2681 479 2755 victimarum
499 2679 738 2756 inhonorem
757 2679 860 2756 dese.
1504 2692 1507 2697 '

747 2888 824 2972 Ad
843 2891 956 2976 ³³0.

267 3056 390 3134 Schol.
420 3056 467 3132 ad
496 3055 692 3157 Sophoclis
712 3056 863 3157 Ajacem
889 3086 923 3130 v.
944 3057 1042 3131 721:
1074 3060 1223 3154 Κυρίως
1251 3051 1295 3131 τὸ
1316 3051 1544 3160 στρατήγιον

160 3172 322 3268 deduce,
343 3172 384 3266 ὃς
403 3189 481 3265 τοῖς
500 3188 721 3282 στρατηγοῖς
740 3175 944 3277 ἀφιέρωται
959 3176 1059 3278 μετὰ
1078 3179 1156 3256 τῶν
1174 3173 1302 3256 ἄλλων
1320 3180 1397 3256 τῶν
1417 3175 1541 3281 πρού-

155 3303 312 3401 χόντων
339 3300 609 3402 βουλεύεσθαι.
648 3307 901 3398 (Praetorium
931 3309 1080 3410 proprie
1111 3320 1167 3384 est
1199 3312 1322 3404 locus,
1362 3311 1425 3409 qui
1454 3309 1542 3385 belli

159 3430 444 3534 imperatoribus
473 3445 528 3506 est
555 3443 793 3509 consecratus
821 3434 867 3510 ad
897 3431 1059 3509 ineunda
1087 3459 1171 3509 cum
1199 3435 1242 3509 iis
1272 3433 1445 3526 consilia,
1482 3433 1545 3532 qui

159 3559 298 3659 primas
309 3569 446 3659 'tenent
465 3560 621 3657 partes.)

748 3675 824 3759 Aa
843 3677 958 3759 340.

266 3842 350 3919 Ηοο
376 3854 500 3918 tamen
530 3871 605 3919 non
636 3844 682 3920 de
712 3845 845 3919 annuis
873 3844 1047 3941 strategis
1075 3843 1377 3944 intelligendum,
1407 3843 1472 3919 sed
1493 3844 1539 3920 de

160 3969 232 4045 illis
252 3969 314 4068 qui
335 3967 628 4044 extraordinario
648 3967 760 4044 modo
779 3979 947 4070 tempore
968 3967 1057 4044 belli
1077 3965 1164 4066 eligi
1183 3967 1365 4046 solebant.

267 4110 410 4186 Aelian.
432 4109 519 4186 Var.
550 4110 644 4186 Hist.
672 4108 839 4201 X1V,o:
868 4109 1116 4186 Athenienses
1145 4136 1221 4185 non
1249 4111 1369 4187 solum
1398 4112 1543 4187 civibus

158 4234 204 4313 ad
223 4236 461 4334 magistratus
491 4246 527 4309 et
555 4236 711 4338 imperia
736 4235 882 4312 idoneis
908 4235 964 4310 usi
992 4245 1098 4331 sunt,
1127 4235 1194 4311 sed
1214 4260 1327 4337 saepe
1347 4237 1458 4314 etiam
1478 4264 1542 4339 pe·

158 4360 328 4461 regrinos
356 4359 594 4458 delegerunt,
622 4360 739 4461 iisque
767 4359 1039 4461 rempublicam
1067 4360 1332 4460 permiserunt,
1361 4362 1542 4461 siquidem

160 4510 224 4561 eos
241 4496 413 4561 strenuos
433 4510 513 4559 esse
541 4485 641 4560 viros
670 4487 932 4583 cognovissent
952 4496 989 4561 et
1008 4484 1055 4561 ad
1075 4486 1165 4562 talis
1184 4485 1347 4563 idoneos.
1387 4488 1541 4589 Apollo·

160 4608 291 4687 domm
311 4609 538 4710 Cyzicenum
556 4635 669 4710 saepe
689 4608 777 4686 belli
797 4610 930 4686 ducem
950 4620 1141 4705 crearunt,
1171 4613 1340 4711 quamvis
1359 4624 1457 4689 esset
1474 4636 1538 4712 pe·

159 4735 351 4834 regimus,
379 4734 467 4810 item
485 4734 722 4811 Heraclidem
741 4733 1030 4812 Clazomenium.
1079 4736 1203 4831 Quum
1227 4737 1325 4814 enim
1345 4763 1384 4814 se
1404 4737 1539 4834 dignos

159 4858 267 4936 laude
292 4861 582 4960 praestitissent,
609 4886 686 4936 non
699 4860 856 4961 judicati
874 4872 962 4938 sunt
980 4860 1145 4960 indigni,
1165 4863 1228 4963 qui
1249 4861 1539 4940 Atheniensibus

159 4995 383 5085 praeessent.
423 4982 544 5083 Atque
566 4982 614 5058 ob
632 4983 726 5063 haec
744 4984 895 5061 laudare
925 4997 1075 5086 oportet
1102 4987 1308 5082 civitatem,
1337 5009 1431 5087 quae
1450 4983 1539 5060 civi·

159 5107 230 5187 bus
249 5109 296 5186 de
315 5136 404 5188 vero
424 5121 461 5186 et
479 5135 599 5212 aequo
627 5109 719 5187 nihil
746 5108 1043 5210 gratificabatur,
1072 5112 1137 5189 sed
1165 5112 1255 5189 illud
1281 5112 1393 5187 etiam
1410 5110 1455 5187 iis
1474 5108 1538 5185 tri·

1284 5234 1328 5301 30
