3436 5790
228 354 305 433 334
768 387 830 442 sos
852 385 1063 441 rosmcou.

226 572 390 649 Puniant
416 602 506 652 vero
536 574 637 655 illum
662 587 781 654 morte
807 577 869 654 vel
887 576 1019 670 exilio,
1048 575 1261 676 ubicunque
1281 570 1535 650 Athenienses
1553 597 1615 648 eo·

225 722 380 796 rumque
400 701 490 777 socii
508 704 715 804 imperant3
742 703 829 780 etsi
848 713 967 779 morte
996 702 1108 783 fuerit
1136 701 1310 809 punitus,
1338 698 1616 806 compeliatur

225 821 263 901 in
282 815 408 907 Attica
426 853 547 936 neque
566 828 605 904 in
626 829 810 912 sociorum
829 839 937 912 terra.

863 990 977 1070 1296.

322 1129 423 1210 Ἕνα
443 1141 611 1211 ἕκαστον
628 1133 706 1210 τῶν
725 1127 939 1233 συμμάχων
968 1130 1027 1211 δεῖ
1051 1126 1298 1230 ἀφικόμενον
1319 1124 1522 1222 Ἀθήναζε
1550 1122 1614 1204 δί-

226 1289 300 1351 κην
320 1257 459 1337 δοῦναι
478 1264 547 1336 καί
566 1262 701 1362 λαβεῖν
720 1268 763 1338 ἐν
780 1260 835 1363 τῷ
861 1258 976 1359 δήμω.

843 1387 1076 1492 (Xenophon
1095 1410 1193 1490 resp.
1214 1379 1348 1464 Athen.
1369 1385 1398 1480 Ι,
1420 1382 1503 1476 18.)

864 1550 977 1626 1296.

331 1674 526 1751 Sociorum
561 1701 862 1778 unumquemque
899 1685 1049 1781 oportet
1085 1671 1253 1753 Athenas
1291 1671 1613 1777 proficiscentem,

225 1825 374 1876 causam
393 1801 494 1902 apud
513 1802 695 1903 populum
713 1827 835 1901 agere.

863 1945 977 2021 1297.

330 2078 528 2178 Δεδόγθαι
545 2080 591 2181 τῇ
609 2082 733 2185 βουλή
752 2089 821 2161 καί
842 2082 1024 2185 τῷδήμῳ
1051 2084 1106 2187 τῷ
1135 2088 1357 2185 Κορησίων·
1381 2059 1610 2174 Ἀδήναίων

224 2203 324 2282 είναι
351 2206 414 2297 τής
437 2212 581 2306 μίλτου
608 2205 680 2299 τήν
706 2206 914 2313 ἐξαγωγήν.
939 2207 1118 2316 Ἐξάγειν
1142 2218 1189 2312 ἐμ
1213 2214 1337 2310 πλοίῳ
1357 2197 1389 2311 ᾧ
1407 2203 1460 2285 ἂν
1482 2204 1609 2299 Ἀθη-

223 2342 329 2407 ναῖοι
348 2328 622 2425 ἀποδείξωσιν,
651 2341 695 2411 ἐν
714 2326 820 2436 ἄλλῳ
840 2333 879 2410 δὲ
899 2339 1023 2436 πλοίῳ
1038 2333 1196 2435 μηδενί·
1224 2333 1397 2414 ναῦλλον
1420 2331 1459 2410 δὲ
1487 2339 1609 2409 τελεῖν

223 2451 371 2556 ὀβολὸν
388 2457 463 2535 τοῦ
478 2456 672 2536 ταλάντου
689 2470 768 2550 τοῖς
786 2459 1015 2560 ναυκλήροις
1033 2458 1125 2550 τούς
1148 2465 1444 2566 ἐργαζομένους·
1470 2456 1543 2536 ἐὰν
1569 2456 1610 2535 δέ

222 2613 278 2670 τις
296 2589 340 2660 ἐν
357 2574 464 2685 ἄλλῳ
483 2590 606 2686 πλοίῳ
624 2583 760 2691 ἐξάγῃ,
789 2588 934 2684 ἔνοχον
951 2585 1051 2664 εἶναι
1069 2586 1126 2688 τῷ
1147 2585 1271 2688 νόμῳ·
1299 2586 1356 2689 τῷ
1374 2584 1413 2664 δὲ
1440 2583 1608 2680 φήναντι

223 2703 476 2801 ήένδείξαντι
503 2709 550 2785 τοί
581 2703 719 2804 ήιιίσεα
738 2714 833 2789 ἔστω
863 2712 942 2790 τῶν
969 2711 1182 2812 δήαοσίων·
1214 2711 1286 2792 ἐοὶν
1313 2711 1352 2788 δέ
1382 2709 1523 2800 δοῦλος
1540 2700 1606 2808 fid

223 2831 413 2926 ἐνδείξας,
440 2833 513 2934 ἐοὶμ
526 2840 603 2934 μὲν
619 2834 699 2913 των
716 2834 935 2943 ἐξαγόντων
951 2831 976 2938 ᾗ
985 2897 996 2930 ,
1025 2837 1229 2939 ἐλεύθερος
1257 2839 1351 2915 ἔστω
1378 2841 1448 2915 καί
1466 2832 1514 2912 sd
1535 2833 1606 2913 δύο

219 2963 313 3059 μέρη
333 2960 427 3035 ἔστω
446 2956 556 3062 αὐτῷ
566 2989 574 3004 ·
603 2958 674 3039 ἐάν
691 2959 730 3038 δὲ
751 2954 873 3040 ἄλλου
892 2961 996 3055 τινος
1013 2957 1052 3065 ᾗ,
1080 2962 1284 3070 ἐλεύθερος
1303 2966 1416 3041 ἔστω·
1442 2959 1545 3041 εἶναι
1566 2959 1605 3038 δέ

224 3091 293 3160 καί
313 3087 446 3182 ἔφεσιν
466 3081 665 3180 Ἀθήναζε
683 3092 753 3164 καί
771 3086 826 3191 τῷ
845 3087 1011 3187 φήναντι
1029 3095 1099 3167 καί
1117 3089 1172 3191 τῷ
1191 3087 1412 3183 ἐνδείξαντα

332 3214 412 3309 (Ex
430 3213 596 3318 inscript
615 3216 815 3297 Boeckhii:
834 3216 1133 3297 Staatshaushalt
1148 3217 1372 3298 dAtheuer.
1390 3218 1499 3297 Tum.

861 3453 964 3530 ¹297
1007 3344 1317 3449 lupercum
1335 3344 1500 3434 ενοι.)

331 3578 477 3655 Placuit
493 3579 638 3655 senatui
657 3588 696 3655 et
712 3579 853 3683 populo
873 3578 1146 3673 Ocressiorum,
1174 3590 1215 3655 ut
1233 3576 1525 3657 Atheniensibus
1549 3602 1604 3654 es·

223 3714 280 3780 set
306 3715 472 3805 potestas
499 3703 721 3804 exportandi
749 3703 948 3782 rubricam.
986 3705 1213 3807 Exportetur
1230 3702 1414 3782 tamenin
1432 3701 1605 3802 navigio,

224 3830 321 3930 quod
339 3827 587 3908 Athenienses
609 3830 887 3926 constituerint,
912 3831 952 3906 in
970 3830 1043 3908 alio
1061 3840 1186 3911 autem
1204 3830 1320 3907 nullo.
1356 3830 1433 3905 Pro
1451 3837 1607 3904 vectura

223 3979 314 4032 vero
333 3956 481 4033 solvant
498 3960 722 4039 mercatores
741 3955 981 4033 naviculariis
1000 3954 1152 4035 obolum
1171 3982 1195 4032 a
1212 3955 1363 4054 singulo
1379 3954 1534 4032 talento.
1562 3950 1603 4030 Si

224 4082 306 4182 quis
325 4093 450 4157 autem
467 4081 507 4156 in
526 4080 599 4156 alio
627 4081 778 4180 navigio
806 4081 1079 4184 exportaverit,
1108 4081 1183 4181 legi
1202 4081 1251 4158 sit
1268 4079 1463 4159 obnoxius
1501 4076 1603 4156 Indi·

223 4232 314 4283 cans
333 4231 423 4283 vero
443 4207 505 4284 vel
523 4205 753 4284 denuncians
771 4205 964 4285 dimidium
983 4206 1142 4309 accipiat
1159 4205 1443 4310 publicatorum.
1481 4203 1521 4281 Si
1548 4203 1603 4278 in·

223 4330 351 4407 dicans
370 4330 481 4408 frrerit
502 4357 631 4409 servus
659 4332 958 4432 exportantium,
987 4331 1160 4409 libertate
1180 4330 1340 4408 donetur
1358 4329 1525 4433 duasque
1542 4355 1604 4407 ac·

223 4456 336 4560 cipiet
353 4468 500 4559 partes3
527 4458 586 4534 sin
604 4458 754 4536 alterius
773 4458 947 4561 alicujus,
976 4483 1091 4534 manu
1109 4457 1284 4534 mittatur.
1322 4455 1419 4532 Tam
1436 4455 1605 4534 indicans

224 4609 333 4685 quam
353 4583 583 4669 denuncians
601 4609 690 4661 vero
708 4582 845 4662 habeat
857 4584 920 4686 jus
940 4583 1158 4686 appellandi
1178 4582 1226 4660 ad
1245 4580 1504 4662 Athenienses.
1590 4567 1607 4580 ⁰

860 4748 975 4825 1298.

331 4868 529 4966 Διδόχδαι
547 4869 593 4969 τῇ
611 4869 736 4970 βουλή
765 4876 834 4947 καί
852 4872 908 4974 τῷ
927 4870 1036 4973 δήμῳ
1063 4870 1118 4973 τῷ
1141 4867 1364 4963 Ἰουλιήτῶν
1374 4926 1386 4961 ,
1415 4867 1515 4948 εἶναι
1533 4869 1605 4965 τήν

223 4994 421 5102 ἐξαγωγήν
437 4996 504 5088 τής
527 5001 672 5095 μίλτου
694 4994 914 5092 Ἀθήναζε,
943 4992 1083 5075 ἄλλοσε
1110 4996 1151 5077 δὲ
1174 4998 1352 5098 μηδαιιή·
1383 4994 1453 5076 ἐοὶν
1482 4996 1526 5077 δέ
1549 5029 1606 5087 τις

223 5117 358 5205 ἄλλοσε
376 5121 514 5230 ἐξάγῃ,
543 5120 702 5222 δημόσια
721 5127 816 5202 ἔστω
835 5130 906 5201 καί
926 5122 970 5202 τὸ
989 5132 1129 5238 ωλοῑον
1145 5131 1214 5203 καί
1232 5123 1280 5202 τοὶ
1290 5123 1470 5226 χρήυατα
1494 5120 1542 5202 τὰ
1561 5133 1606 5203 ἐν
