3436 5790
666 418 717 472 oa
734 396 983 472 recusamus}
1436 389 1514 468 333
1608 409 1610 413 ”

131 615 191 688 έπί
208 608 534 710 τὸςποιησαμένος
552 607 624 701 την
641 615 866 707 συμμαχίαν
881 601 904 696 ἢ
922 603 1024 681 κατά
1044 605 1119 712 γῆν
1138 601 1160 697 ἢ
1178 603 1280 681 κατά
1302 603 1511 696 θάλατταν,

129 740 296 836 βοηθεῖν
320 736 536 829 Ἀθηναίος
564 741 632 812 καί
660 732 724 820 τὸς
753 730 952 832 συμμάχος
972 731 1121 820 τούτοις
1140 738 1209 808 καί
1228 729 1330 807 κατά
1351 732 1426 836 γῆν
1443 737 1512 807 καί

130 861 232 938 κατά
256 862 456 940 θάλατταν
475 866 587 937 παντί
608 867 736 937 σθένει
755 855 857 933 κατά
887 855 931 933 τά
963 856 1142 935 δυνατόν.
1176 855 1278 938 Ἐάν
1294 856 1334 933 δέ
1350 888 1406 944 τις
1425 856 1513 954 εἴπῃ

132 986 155 1082 ἢ
173 996 386 1090 ἐπιψηφίσῃ
409 984 431 1080 ἢ
451 981 582 1086 άρχων
601 982 623 1078 ἢ
643 983 790 1076 ἰδιώτης
810 981 909 1084 παρά
930 981 1078 1059 τόδετὸ
1107 981 1309 1084 ψήφισμα,
1339 975 1388 1071 ὦς
1406 980 1515 1059 λύειν

131 1146 167 1192 τι
188 1113 247 1191 δεῖ
263 1116 341 1191 τῶν
358 1123 401 1195 ἐν
419 1113 515 1213 τῷδε
534 1113 588 1215 τῷ
608 1115 824 1214 ψηφίσματι
845 1116 1064 1209 εἰρημένων,
1093 1102 1296 1209 ὑπαρχέτω
1311 1111 1387 1208 μὲν
1406 1106 1513 1209 αὐτῷ

131 1237 259 1339 ἀτίμῳ
279 1238 375 1315 εἶναι
395 1245 463 1313 καί
484 1235 530 1312 τά
546 1236 725 1336 χρήματα
754 1233 851 1315 αάτὸ
882 1232 1041 1334 δημόσια
1072 1238 1165 1312 ἔστω
1193 1241 1262 1312 καί
1290 1232 1354 1327 της
1375 1234 1445 1310 θεό
1465 1231 1510 1312 τὸ

131 1363 359 1441 ἐπιδέκατον
376 1370 445 1439 καί
473 1369 665 1462 κρινέσθω
693 1370 736 1440 ἑν
759 1359 988 1452 Ἀθηναίοις
1017 1367 1085 1436 καί
1113 1367 1192 1449 τοῖς
1221 1357 1435 1460 συμμάχοις
1464 1351 1514 1446 ὦς

132 1489 300 1567 διαλύων
317 1486 387 1582 τὴν
407 1493 644 1588 συμμαχίαν.
684 1487 909 1586 Ζημιὸντων
937 1486 975 1563 δὲ
1005 1484 1128 1562 αὐτὸν
1159 1485 1319 1585 θανάτῳ
1340 1480 1362 1576 ἢ
1384 1485 1512 1589 φυγῇ,

131 1613 233 1693 ὅπου
255 1614 464 1709 Ἀθηναῖοι
482 1621 551 1689 καί
572 1617 608 1689 oi
630 1613 827 1713 σύμμαχοι
846 1610 1042 1712 κρατόσιν.
1077 1609 1176 1688 Ἐάν
1205 1610 1242 1687 δὲ
1270 1610 1430 1714 θανάτῳ
1449 1641 1510 1687 τι-

125 1742 260 1842 μηθῇ,
285 1739 338 1843 μη
359 1739 514 1838 surprise
533 1749 576 1817 ἐν
593 1738 640 1837 τῇ
664 1737 828 1837 Ἀττικῇ
841 1737 935 1839 μηδὲ
956 1746 999 1816 έν
1017 1738 1064 1837 τῇ
1082 1737 1161 1816 τῶν
1179 1735 1403 1838 συμμάχων.

240 1883 570 1985 (Ἐπιπραφαί
619 1881 898 1960 ἀνέκδοτοι
950 1874 1408 1977 άνακαλυιρθείσαι

239 2018 326 2087 καί
364 2011 665 2089 έκδοθεῖσαι
705 2003 800 2087 άπὸ
849 2010 938 2085 τοῦ
986 2007 1407 2113 άρχαιολογικοῠ

241 2136 500 2242 συλλόγου.
543 2134 764 2212 Φυλλοίδιον
801 2133 988 2234 δεύτερον.
1036 2131 1256 2232 Ἀθήνῃσιν
1295 2137 1406 2210 1852.

240 2291 326 2370 raa·
347 2267 486 2360 3—4·)

772 2372 884 2446 raes.

174 2534 176 2539 '
242 2518 280 2595 Si
309 2520 390 2619 quis
420 2518 652 2594 Graecorum
681 2515 741 2592 vel
769 2515 1011 2591 barbarorum
1039 2517 1077 2590 in
1103 2517 1217 2616 Epiro
1247 2514 1514 2597 habitantium,

133 2645 194 2721 vel
212 2645 470 2719 insulanorum
498 2642 658 2719 voluerit
685 2639 978 2717 Atheniensibus
1008 2653 1044 2715 et
1074 2665 1200 2716 eorum
1227 2638 1337 2716 sociis
1365 2630 1514 2716 foedere

128 2771 258 2871 jungi,
287 2770 428 2846 licitum
457 2779 536 2844 esto
566 2766 619 2861 ei,
648 2777 793 2841 retenta
821 2791 887 2841 sua
916 2764 1108 2857 libertate,
1138 2765 1213 2840 suis
1227 2762 1375 2865 juribus
1395 2774 1432 2838 et
1450 2764 1515 2840 illa

133 2894 360 2996 reipublicae
380 2894 517 2987 forma,
547 2917 657 2992 qnam
678 2891 857 2985 voluerit,
887 2892 976 2990 quin
994 2900 1174 2992 prytanea
1194 2901 1258 2965 aut
1277 2890 1523 2990 magistratus·

134 3020 312 3121 suscipiat
332 3020 392 3095 vel
411 3019 588 3120 tributum
608 3017 769 3118 pendat,
798 3016 929 3092 iisdem
952 3015 1249 3110 conditionibus,
1280 3016 1413 3116 quibus
1433 3013 1527 3090 Chii-

135 3156 171 3219 et
189 3144 362 3221 Thebani
382 3155 419 3220 et
438 3142 498 3219 alii
517 3144 605 3219 socii
622 3155 709 3220 sunt
729 3143 879 3219 foedere
893 3143 1025 3245 juncti.
1064 3142 1163 3237 Illis,
1193 3143 1255 3242 qui
1275 3139 1513 3219 Atheniensi*

133 3271 203 3346 bus
224 3283 260 3345 et
279 3294 406 3345 eorum
425 3269 534 3346 sociis
553 3268 701 3345 foedere
721 3267 850 3369 juncti⁴
869 3267 1026 3362 fuerint,
1055 3268 1217 3369 populus
1237 3266 1350 3343 tradit
1368 3291 1514 3368 posses·

134 3397 279 3487 aiones,
309 3394 443 3495 quibus
472 3393 717 3470 Athenienses
745 3395 783 3467 in
813 3393 965 3492 regione
995 3418 1123 3468 eorum
1147 3393 1225 3468 sive
1246 3394 1419 3495 privatim
1438 3394 1516 3468 sive

136 3521 285 3623 publice
305 3520 509 3621 potiuntur.
543 3519 635 3596 Inde
655 3546 678 3594 a
697 3504 896 3594 Nausinico
916 3519 1093 3594 archonte
1113 3529 1238 3595 autem
1257 3544 1304 3595 ne
1323 3519 1432 3595 liceat
1452 3517 1517 3594 ulli

136 3644 422 3722 Atheniensium
450 3645 528 3720 sive
558 3643 731 3746 privatim
760 3644 838 3718 sive
867 3643 1016 3743 publice
1044 3645 1083 3718 in
1114 3645 1298 3719 sociorum
1321 3643 1429 3721 terris
1448 3643 1514 3720 do-

135 3798 236 3848 mum
255 3771 316 3845 vel
335 3770 490 3846 fundum
509 3770 700 3872 possidere
719 3793 840 3869 neque
860 3766 1035 3863 emendo,
1065 3795 1184 3872 neque
1204 3770 1243 3843 in
1263 3772 1400 3872 pignus
1419 3768 1513 3845 acci-

135 3896 291 3998 piendo,
320 3922 441 3996 neque
470 3894 543 3970 alio
573 3895 694 3971 modo.
733 3894 772 3971 si
801 3920 890 3972 vero
917 3896 999 3996 quis
1019 3895 1169 3991 emerit,
1199 3896 1261 3971 vel
1281 3887 1515 3994 acquisiverit

136 4024 195 4100 vel
213 4023 254 4097 in
272 4022 408 4124 pignus
428 4022 616 4124 acceperit
635 4047 854 4123 quocunque
874 4022 1006 4118 modo,
1027 4021 1137 4099 liceat
1159 4020 1312 4097 cuilibet
1330 4021 1515 4098 sociorum·

136 4175 220 4224 eum
240 4147 382 4225 deferre
402 4146 501 4248 apud
521 4171 727 4223 assessores
746 4144 1042 4243 foederatorum3
1062 4172 1265 4224 assessores
1285 4157 1409 4224 autem
1429 4146 1529 4223 dent·

136 4271 327 4349 dimidium
347 4272 518 4367 delatori,
548 4282 586 4347 et
604 4270 704 4348 aliud
724 4258 916 4348 dimidium
935 4271 983 4348 sit
1001 4272 1195 4349 sociorum.
1233 4272 1273 4350 Si
1292 4283 1415 4348 autem
1435 4274 1517 4375 quis

135 4398 234 4475 bello
265 4422 463 4496 aggressus
492 4398 603 4474 fuerit
630 4398 778 4474 foedere
802 4399 954 4499 junctos
983 4399 1062 4475 sive
1086 4409 1186 4475 terra
1204 4399 1282 4474 sive
1303 4398 1415 4494 mari,
1444 4396 1517 4474 illis

134 4522 383 4602 Athenienses
403 4535 441 4599 et
459 4548 589 4600 eorum
607 4523 696 4600 socii
713 4523 905 4626 suppetias
924 4524 1047 4601 ferant
1066 4535 1167 4601 terra
1184 4524 1371 4625 marique,
1399 4523 1516 4602 omni·

135 4649 223 4744 bus,
253 4651 487 4751 quantumin
506 4651 559 4725 eis
585 4649 694 4725 situm
723 4661 798 4745 est,
830 4650 982 4726 viribus.
1021 4649 1060 4727 si
1090 4651 1170 4749 quis
1199 4677 1335 4753 porro,
1362 4651 1441 4726 sive
1460 4676 1516 4727 ar·

56 4876 61 4883 .
135 4776 230 4851 chon
250 4776 328 4852 sive
349 4775 535 4876 privatus,
565 4786 696 4851 contra
722 4776 796 4853 hoc
824 4775 1011 4853 decretum
1040 4776 1155 4852 verba
1183 4777 1311 4853 fecerit
1330 4777 1390 4852 vel
1409 4802 1515 4877 roga-

135 4901 249 4994 verit,
279 4912 319 4976 ut
337 4902 375 4975 in
399 4901 548 4978 decreto
577 4903 720 4979 sancita
747 4905 992 5001 abrogentur,
1021 4904 1173 4981 infamis
1191 4915 1290 4995 esto,
1319 4904 1421 4980 bona
1439 4903 1516 5005 ejus

135 5026 391 5126 publicentur,
416 5054 573 5128 quorum
593 5028 736 5106 decima
754 5056 841 5132 pars
860 5031 964 5106 Deae
984 5030 1112 5124 cedat,
1133 5042 1170 5107 et
1182 5030 1365 5132 judicium
1384 5029 1521 5106 subeat

131 5177 257 5230 coram
276 5150 567 5233 Atheniensibus
596 5159 935 5259 eorumque-sociis
954 5168 1144 5259 tamquam
1162 5156 1325 5237 foederis
1345 5156 1515 5232 violator.
