3436 5790
640 408 949 462 couuurvrsnms
968 408 1023 461 sn
1043 402 1088 460 te.
1469 376 1549 459 nu

159 595 229 674 sits
247 608 324 693 est,
354 612 396 677 ut
418 603 548 703 jurent
576 603 677 678 cives
705 628 744 678 se
773 602 978 679 concordes
1006 601 1107 698 fore3
1135 609 1172 676 et
1199 598 1335 697 ubique
1355 609 1548 702 praestant

160 721 231 799 hoo
244 725 540 826 jusjurandum.)

263 884 400 967 Pollux
418 889 471 967 ita
488 890 615 968 scribit
633 892 679 969 de
705 892 776 970 hac
804 919 845 969 re
872 891 996 986 (VIII,
1018 891 1137 984 tom:
1165 885 1391 965 circuitores
1411 885 1548 992 ephebi

160 1011 348 1111 regionem
368 1013 619 1094 custodientes
648 1018 873 1109 circuibant,
902 1026 1031 1118 utpote
1058 1013 1233 1090 militaria
1256 1015 1338 1115 jam
1366 1024 1548 1091 curantes.

161 1138 208 1213 Et
224 1137 322 1216 inter
340 1138 507 1242 ephebos
532 1142 825 1221 recensebantur
853 1143 1057 1219 octodecim
1087 1165 1206 1216 annos
1233 1138 1333 1234 nati,
1364 1136 1438 1217 duo
1458 1163 1551 1215 vero

159 1262 206 1339 ad
224 1266 359 1342 circum
377 1267 682 1345 numerabantur.
720 1266 912 1368 Vigesimo
941 1279 1066 1344 autem
1094 1292 1193 1343 anno
1222 1265 1261 1341 in
1280 1264 1547 1342 lexia'tchicum

159 1389 293 1466 librum
322 1391 623 1470 inscribebantur
651 1403 687 1468 et
713 1393 783 1469 sub
812 1393 875 1469 dio
895 1395 1094 1495 jurabant:
1125 1389 1265 1489 „Arma
1287 1415 1365 1466 non
1385 1389 1549 1467 dehone-

160 1515 287 1611 stabo,
315 1543 384 1593 neo
403 1517 632 1612 adstantem,
665 1519 833 1618 quisquis
852 1519 883 1592 is
902 1517 1030 1611 luerit,
1059 1519 1202 1594 socium
1220 1517 1451 1615 relinquam:
1480 1540 1550 1616 pu-

160 1642 287 1739 gnabo
307 1667 454 1743 quoque
475 1657 543 1745 pro
561 1644 656 1720 focis
674 1656 712 1720 et
730 1645 802 1721 aris
821 1645 922 1722 solue
941 1655 979 1722 et
1006 1670 1093 1722 cum
1119 1643 1273 1734 multis„
1294 1641 1459 1717 Patriam
1479 1665 1550 1717 nec

160 1766 343 1863 turbabo,
372 1792 441 1843 nec
471 1768 636 1870 prodam.
672 1767 871 1867 Navigabo
900 1781 1032 1846 contra
1060 1791 1319 1869 quamcunque
1344 1765 1549 1843 destinatus

163 1891 294 1967 luerim
324 1892 528 1993 regionem.
575 1892 825 1971 solennitates
862 1907 1062 1997 perpetuas
1099 1893 1322 1971 observabo.
1372 1893 1548 1994 Receptis

162 2018 493 2097 consvetudinibus
519 2020 680 2120 parebo,
710 2031 747 2096 et
774 2047 1016 2123 quascunque
1044 2022 1137 2099 alias
1163 2021 1325 2124 populus
1344 2017 1551 2120 prudenter

161 2145 338 2220 statuerit.
377 2145 427 2220 Et
445 2147 475 2220 si
495 2146 578 2245 quis
597 2145 700 2244 leges
720 2157 889 2245 receptas
907 2146 1118 2240 sustulerit,
1147 2146 1218 2221 nisi
1235 2146 1549 2247 comprobaverit,

161 2295 237 2347 non
255 2271 478 2370 permittam.
516 2270 669 2347 Tuebor
688 2270 850 2369 denique
870 2282 906 2345 et
924 2271 1025 2348 solus
1044 2280 1185 2348 etcum
1204 2272 1356 2372 reliquis
1374 2271 1549 2378 omnibus

161 2405 269 2497 atque
289 2396 412 2496 patria
429 2420 536 2472 sacra
555 2395 686 2473 colam.
724 2396 857 2472 Testes
877 2397 1009 2474 horum
1030 2397 1104 2472 sint
1122 2397 1174 2473 dii
1194 2396 1288 2475 etc.“

215 2602 219 2611 ·
267 2554 514 2659 Harpocratio
533 2582 562 2633 s.
582 2585 616 2633 v.
638 2555 878 2652 Περίπολοςε
908 2557 1126 2634 Aristoteles
1150 2556 1189 2637 in
1207 2557 1415 2657 Republica
1434 2558 1548 2640 Athe·

162 2681 344 2758 niensium
363 2681 408 2757 de
428 2681 581 2784 ephebis
603 2685 720 2760 verba
739 2683 879 2760 faciens
898 2684 952 2757 sic
971 2683 1041 2759 ait:
1073 2683 1212 2779 „altero
1242 2709 1343 2763 anno
1366 2686 1549 2764 concione

162 2809 198 2885 in
217 2807 361 2885 theatro
380 2819 607 2900 convocata,
637 2807 794 2910 ephebi,
822 2809 954 2910 clypeo
975 2819 1011 2883 et
1029 2805 1138 2885 hasta
1155 2834 1225 2909 pro
1244 2810 1426 2887 concione
1444 2837 1547 2888 acce·

163 2947 243 3034 pta,
263 2946 402 3012 terram
422 2935 580 3011 Atticam
602 2934 830 3036 perlustrant
849 2944 885 3008 et
904 2934 942 3008 in
962 2933 1121 3009 castellis
1141 2935 1373 3011 versantur.“
1412 2935 1547 3014 Obser-

163 3060 344 3155 vandum,
366 3060 602 3138 Aristotelem
622 3073 753 3163 putare
773 3059 939 3163 ephebos
958 3086 1023 3160 por
1042 3084 1182 3139 annum
1201 3063 1240 3138 in
1259 3060 1423 3140 excubiis
1443 3090 1548 3141 man·

165 3187 274 3279 sisse,
305 3187 526 3264 Aeschinem
546 3213 613 3289 per
631 3187 833 3264 biennium.

270 3350 404 3447 „Errat
432 3350 562 3451 procul
591 3347 703 3425 dubio
731 3349 993 3447 grammaticus
1022 3375 1068 3426 ex
1097 3349 1178 3425 loco
1214 3347 1324 3426 allato
1363 3353 1546 3452 colligens

165 3473 399 3554 Aristotelem
422 3487 572 3574 putasse
586 3474 744 3575 juvenes
762 3500 961 3575 perunum
985 3485 1127 3549 tantum
1147 3498 1287 3549 artuum
1306 3476 1545 3556 circuitorem

163 3625 314 3677 munere
340 3600 488 3676 functos
517 3623 606 3675 esse.
647 3599 776 3677 Verba
803 3593 874 3672 τὸν
904 3592 1084 3696 δεύτερον
1112 3593 1293 3672 ἐνιαυτὸν
1320 3599 1545 3680 intellexerit

164 3750 302 3807 annum
330 3724 532 3801 secundum
560 3720 624 3814 τῆς
650 3717 761 3822 ἥβης,
792 3748 858 3828 per
878 3739 1035 3826 eumque
1049 3726 1207 3827 juvenes
1226 3723 1415 3827 peripolos
1435 3728 1545 3805 finisse

163 3850 356 3953 putaverit.
394 3850 643 3948 Intelligenda
662 3862 784 3928 aretem
804 3850 920 3927 verba
948 3863 1035 3926 sunt
1062 3850 1106 3927 de
1137 3851 1337 3945 concione,
1367 3877 1461 3952 quae
1482 3850 1546 3928 ha-

163 3977 321 4053 bebatur
341 3987 498 4052 exeunte
518 3972 582 4066 τῆς
603 3969 694 4072 ἥβης
711 3975 886 4067 biennio,
916 3975 1016 4075 quod
1037 3975 1247 4076 excipiebat
1266 3977 1424 4053 alterum
1443 3975 1547 4056 bien-

163 4103 264 4178 nlum
283 4096 363 4173 τῶν
381 4094 631 4198 περιπόλων.“
660 4101 918 4178 Milllerus:
942 4100 1073 4200 fragm.
1096 4099 1301 4176 historicon.
1320 4127 1376 4201 gr.
1398 4098 1479 4179 Vol.
1499 4103 1547 4182 Π.

163 4257 197 4330 p.
217 4227 305 4303 112.

269 4351 325 4429 uf.
353 4350 578 4429 Platner:
609 4353 782 4452 Beitrttge
810 4378 873 4427 nur
903 4349 1109 4427 Kenntniss
1138 4350 1202 4427 des
1222 4349 1404 4427 attischen
1425 4352 1546 4430 Rech-

162 4491 227 4555 tes.
248 4507 282 4581 p.
305 4478 391 4556 177.

269 4642 388 4720 Schol.
418 4643 475 4720 ad.
506 4643 659 4723 Lucian.
689 4643 826 4720 Jovem
857 4652 954 4739 trag.
984 4642 1054 4717 26:
1084 4635 1164 4714 Δύο
1188 4641 1262 4714 εἰσὶ
1285 4649 1546 4743 γραμματεῖα,

163 4755 293 4841 καὶέν
312 4764 368 4864 τῷ
382 4770 456 4864 μὲν
474 4761 735 4870 ἐγγράφόνται
766 4758 845 4862 ἅμα
875 4761 929 4863 τῷ
953 4761 1212 4868 γεννηθῆναι,
1241 4770 1283 4839 ἐν
1303 4764 1342 4840 δὲ
1361 4766 1418 4864 τῷ
1435 4770 1547 4866 ἑτέρῳ

166 4882 281 4980 driaco
300 4887 365 4980 τῆς
385 4889 554 4990 ἐννόμου
574 4882 724 4984 ἡλικίας
742 4893 966 4995 γίγνονται·
996 4885 1113 4964 τοῦτο
1139 4885 1177 4964 δὲ·
1197 4896 1372 4964 καλεῖται
1394 4894 1548 4988 ληξιαρ-

160 5014 291 5110 χικόν.

269 5147 375 5237 (Duo
394 5158 480 5224 sunt
498 5146 659 5244 indices,
686 5147 725 5222 in
744 5167 860 5222 unum
878 5143 1131 5247 inscribuntur
1154 5144 1280 5223 statim
1298 5170 1321 5220 a
1339 5143 1559 5242 nativitate,

1290 5266 1333 5331 2⁷
