<?xml version="1.0" encoding="UTF-8"?>
<!DOCTYPE html PUBLIC "-//W3C//DTD XHTML 1.0 Transitional//EN"
    "http://www.w3.org/TR/xhtml1/DTD/xhtml1-transitional.dtd">
<html xmlns="http://www.w3.org/1999/xhtml" xml:lang="en" lang="en">
 <head>
  <title>
</title>
<meta http-equiv="Content-Type" content="text/html;charset=utf-8" />
  <meta name='ocr-system' content='tesseract 3.04.00' />
  <meta name='ocr-capabilities' content='ocr_page ocr_carea ocr_par ocr_line ocrx_word'/>
</head>
<body>
  <div class='ocr_page' id='page_1' title='image "./synaggtnattiknn00tlgoog_0404.png"; bbox 0 0 3436 5790; ppageno 0'>
   <div class='ocr_carea' id='block_1_1' title="bbox 789 381 1088 437">
    <p class='ocr_par' dir='ltr' id='par_1_1' title="bbox 789 381 1088 437">
     <span class='ocr_line' id='line_1_1' title="bbox 789 381 1088 437; baseline 0.013 -5"><span class='ocrx_word' id='word_1_1' title='bbox 789 383 851 433; x_wconf 78' lang='lat' dir='ltr'>JUS</span> <span class='ocrx_word' id='word_1_2' title='bbox 868 381 1088 437; x_wconf 81' lang='lat' dir='ltr'><strong>PRIVATUM.</strong></span> 
     </span>
    </p>
   </div>
   <div class='ocr_carea' id='block_1_2' title="bbox 885 572 998 650">
    <p class='ocr_par' dir='ltr' id='par_1_2' title="bbox 885 572 998 650">
     <span class='ocr_line' id='line_1_2' title="bbox 885 572 998 650; baseline 0.027 -4"><span class='ocrx_word' id='word_1_3' title='bbox 885 572 998 650; x_wconf 83' lang='grc'>1475.</span> 
     </span>
    </p>
   </div>
   <div class='ocr_carea' id='block_1_3' title="bbox 246 701 1629 915">
    <p class='ocr_par' dir='ltr' id='par_1_3' title="bbox 246 701 1629 915">
     <span class='ocr_line' id='line_1_3' title="bbox 355 701 1629 801; baseline 0 -21"><span class='ocrx_word' id='word_1_4' title='bbox 355 707 586 780; x_wconf 79' lang='lat' dir='ltr'><strong>Nocturnum</strong></span> <span class='ocrx_word' id='word_1_5' title='bbox 605 716 820 779; x_wconf 82' lang='lat' dir='ltr'><strong>venatorem</strong></span> <span class='ocrx_word' id='word_1_6' title='bbox 845 702 1000 778; x_wconf 85' lang='lat' dir='ltr'>cunibus</span> <span class='ocrx_word' id='word_1_7' title='bbox 1021 713 1057 778; x_wconf 92' lang='lat' dir='ltr'>et</span> <span class='ocrx_word' id='word_1_8' title='bbox 1075 703 1216 801; x_wconf 80' lang='lat' dir='ltr'>laqueis</span> <span class='ocrx_word' id='word_1_9' title='bbox 1237 701 1415 779; x_wconf 89' lang='lat' dir='ltr'>fidentem</span> <span class='ocrx_word' id='word_1_10' title='bbox 1433 729 1546 779; x_wconf 91' lang='lat' dir='ltr'>nemo</span> <span class='ocrx_word' id='word_1_11' title='bbox 1563 730 1629 780; x_wconf 89' lang='lat' dir='ltr'>un-</span> 
     </span>
     <span class='ocr_line' id='line_1_4' title="bbox 246 811 1629 915; baseline -0.001 -27"><span class='ocrx_word' id='word_1_12' title='bbox 246 840 358 915; x_wconf 84' lang='lat' dir='ltr'>quam</span> <span class='ocrx_word' id='word_1_13' title='bbox 376 813 505 887; x_wconf 88' lang='lat' dir='ltr'>venari</span> <span class='ocrx_word' id='word_1_14' title='bbox 524 838 682 912; x_wconf 87' lang='lat' dir='ltr'>usquam</span> <span class='ocrx_word' id='word_1_15' title='bbox 701 813 818 907; x_wconf 78' lang='lat' dir='ltr'>sinat3</span> <span class='ocrx_word' id='word_1_16' title='bbox 847 836 1029 912; x_wconf 79' lang='lat' dir='ltr'>aucupem</span> <span class='ocrx_word' id='word_1_17' title='bbox 1058 822 1183 886; x_wconf 89' lang='lat' dir='ltr'>autem</span> <span class='ocrx_word' id='word_1_18' title='bbox 1210 812 1249 886; x_wconf 93' lang='lat' dir='ltr'>in</span> <span class='ocrx_word' id='word_1_19' title='bbox 1274 811 1421 888; x_wconf 88' lang='lat' dir='ltr'>incultis</span> <span class='ocrx_word' id='word_1_20' title='bbox 1441 824 1479 887; x_wconf 91' lang='lat' dir='ltr'>et</span> <span class='ocrx_word' id='word_1_21' title='bbox 1497 813 1629 887; x_wconf 92' lang='lat' dir='ltr'>monti·</span> 
     </span>
    </p>
   </div>
   <div class='ocr_carea' id='block_1_4' title="bbox 244 936 1630 1410">
    <p class='ocr_par' dir='ltr' id='par_1_4' title="bbox 244 936 1630 1410">
     <span class='ocr_line' id='line_1_5' title="bbox 246 936 1629 1039; baseline -0.002 -24"><span class='ocrx_word' id='word_1_22' title='bbox 246 943 316 1015; x_wconf 91' lang='lat' dir='ltr'>bus</span> <span class='ocrx_word' id='word_1_23' title='bbox 335 964 382 1014; x_wconf 90' lang='lat' dir='ltr'>ne</span> <span class='ocrx_word' id='word_1_24' title='bbox 402 938 483 1038; x_wconf 88' lang='lat' dir='ltr'>quis</span> <span class='ocrx_word' id='word_1_25' title='bbox 502 937 720 1038; x_wconf 84' lang='lat' dir='ltr'>prohibeto,</span> <span class='ocrx_word' id='word_1_26' title='bbox 749 937 789 1011; x_wconf 94' lang='lat' dir='ltr'>in</span> <span class='ocrx_word' id='word_1_27' title='bbox 819 936 925 1011; x_wconf 89' lang='lat' dir='ltr'>cultis</span> <span class='ocrx_word' id='word_1_28' title='bbox 956 961 1045 1012; x_wconf 85' lang='lat' dir='ltr'>vero</span> <span class='ocrx_word' id='word_1_29' title='bbox 1075 948 1113 1012; x_wconf 92' lang='lat' dir='ltr'>et</span> <span class='ocrx_word' id='word_1_30' title='bbox 1140 937 1254 1015; x_wconf 87' lang='lat' dir='ltr'>sacris</span> <span class='ocrx_word' id='word_1_31' title='bbox 1282 939 1397 1017; x_wconf 85' lang='lat' dir='ltr'>vastis</span> <span class='ocrx_word' id='word_1_32' title='bbox 1420 939 1629 1039; x_wconf 85' lang='lat' dir='ltr'>quicunque</span> 
     </span>
     <span class='ocr_line' id='line_1_6' title="bbox 246 1062 1630 1165; baseline -0.001 -24"><span class='ocrx_word' id='word_1_33' title='bbox 246 1064 378 1141; x_wconf 89' lang='lat' dir='ltr'>obvius</span> <span class='ocrx_word' id='word_1_34' title='bbox 398 1065 458 1157; x_wconf 85' lang='lat' dir='ltr'>fit,</span> <span class='ocrx_word' id='word_1_35' title='bbox 489 1072 635 1158; x_wconf 82' lang='lat' dir='ltr'>arceto;</span> <span class='ocrx_word' id='word_1_36' title='bbox 668 1062 886 1164; x_wconf 82' lang='lat' dir='ltr'>aquatilium</span> <span class='ocrx_word' id='word_1_37' title='bbox 904 1073 1029 1136; x_wconf 83' lang='lat' dir='ltr'>autem</span> <span class='ocrx_word' id='word_1_38' title='bbox 1048 1072 1286 1159; x_wconf 83' lang='lat' dir='ltr'><strong>venatorem,</strong></span> <span class='ocrx_word' id='word_1_39' title='bbox 1315 1063 1385 1140; x_wconf 91' lang='lat' dir='ltr'>nisi</span> <span class='ocrx_word' id='word_1_40' title='bbox 1405 1064 1443 1138; x_wconf 93' lang='lat' dir='ltr'>in</span> <span class='ocrx_word' id='word_1_41' title='bbox 1463 1064 1630 1165; x_wconf 88' lang='lat' dir='ltr'>portibus</span> 
     </span>
     <span class='ocr_line' id='line_1_7' title="bbox 246 1187 1628 1290; baseline 0 -24"><span class='ocrx_word' id='word_1_42' title='bbox 246 1203 283 1266; x_wconf 88' lang='lat' dir='ltr'>et</span> <span class='ocrx_word' id='word_1_43' title='bbox 300 1190 414 1268; x_wconf 85' lang='lat' dir='ltr'>sacris</span> <span class='ocrx_word' id='word_1_44' title='bbox 433 1187 648 1265; x_wconf 86' lang='lat' dir='ltr'>fluminibus</span> <span class='ocrx_word' id='word_1_45' title='bbox 669 1199 706 1265; x_wconf 94' lang='lat' dir='ltr'>et</span> <span class='ocrx_word' id='word_1_46' title='bbox 724 1188 865 1285; x_wconf 77' lang='lat' dir='ltr'>stagnis</span> <span class='ocrx_word' id='word_1_47' title='bbox 885 1187 1182 1290; x_wconf 77' lang='lat' dir='ltr'>paludibusqu03</span> <span class='ocrx_word' id='word_1_48' title='bbox 1210 1189 1248 1264; x_wconf 93' lang='lat' dir='ltr'>in</span> <span class='ocrx_word' id='word_1_49' title='bbox 1268 1190 1421 1290; x_wconf 85' lang='lat' dir='ltr'>reliquis</span> <span class='ocrx_word' id='word_1_50' title='bbox 1439 1189 1549 1266; x_wconf 85' lang='lat' dir='ltr'>liceat</span> <span class='ocrx_word' id='word_1_51' title='bbox 1567 1214 1628 1266; x_wconf 84' lang='lat' dir='ltr'>ve·</span> 
     </span>
     <span class='ocr_line' id='line_1_8' title="bbox 244 1313 1330 1410; baseline -0.001 -18"><span class='ocrx_word' id='word_1_52' title='bbox 244 1317 345 1410; x_wconf 88' lang='lat' dir='ltr'>nari,</span> <span class='ocrx_word' id='word_1_53' title='bbox 375 1315 624 1390; x_wconf 81' lang='lat' dir='ltr'><strong>abstinentem</strong></span> <span class='ocrx_word' id='word_1_54' title='bbox 644 1323 769 1390; x_wconf 83' lang='lat' dir='ltr'>tamen</span> <span class='ocrx_word' id='word_1_55' title='bbox 788 1339 983 1390; x_wconf 88' lang='lat' dir='ltr'>succorum</span> <span class='ocrx_word' id='word_1_56' title='bbox 1001 1313 1233 1392; x_wconf 82' lang='lat' dir='ltr'>turbantium</span> <span class='ocrx_word' id='word_1_57' title='bbox 1250 1341 1330 1391; x_wconf 88' lang='lat' dir='ltr'>usu.</span> 
     </span>
    </p>
   </div>
   <div class='ocr_carea' id='block_1_5' title="bbox 507 1795 1360 2141">
    <p class='ocr_par' dir='ltr' id='par_1_5' title="bbox 507 1795 1360 2141">
     <span class='ocr_line' id='line_1_9' title="bbox 726 1795 1151 1947; baseline -0.012 -41"><span class='ocrx_word' id='word_1_58' title='bbox 726 1795 1052 1947; x_wconf 73' lang='grc' dir='ltr'><em>Κεφάλαιον</em></span> <span class='ocrx_word' id='word_1_59' title='bbox 1086 1795 1151 1905; x_wconf 86' lang='lat'>1&#39;.</span> 
     </span>
     <span class='ocr_line' id='line_1_10' title="bbox 507 1999 1360 2141; baseline 0 -40"><span class='ocrx_word' id='word_1_60' title='bbox 507 1999 713 2141; x_wconf 84' lang='grc' dir='ltr'><em>Περὶ</em></span> <span class='ocrx_word' id='word_1_61' title='bbox 786 2000 1360 2139; x_wconf 72' lang='grc' dir='ltr'><strong><em>συμβολαίων.</em></strong></span> 
     </span>
    </p>
   </div>
   <div class='ocr_carea' id='block_1_6' title="bbox 639 2353 1229 2669">
    <p class='ocr_par' dir='ltr' id='par_1_6' title="bbox 639 2353 1229 2669">
     <span class='ocr_line' id='line_1_11' title="bbox 806 2353 1047 2496; baseline -0.004 -27"><span class='ocrx_word' id='word_1_62' title='bbox 806 2353 965 2496; x_wconf 77' lang='lat' dir='ltr'>Caput</span> <span class='ocrx_word' id='word_1_63' title='bbox 990 2353 1047 2468; x_wconf 88' lang='lat' dir='ltr'>X.</span> 
     </span>
     <span class='ocr_line' id='line_1_12' title="bbox 639 2551 1229 2669; baseline 0.002 -3"><span class='ocrx_word' id='word_1_64' title='bbox 639 2551 722 2666; x_wconf 84' lang='lat' dir='ltr'>De</span> <span class='ocrx_word' id='word_1_65' title='bbox 769 2552 1229 2669; x_wconf 76' lang='lat' dir='ltr'>contractibus,</span> 
     </span>
    </p>
   </div>
   <div class='ocr_carea' id='block_1_7' title="bbox 351 2808 1280 3035">
    <p class='ocr_par' dir='ltr' id='par_1_7' title="bbox 351 2808 1280 3035">
     <span class='ocr_line' id='line_1_13' title="bbox 880 2808 993 2885; baseline 0.035 -4"><span class='ocrx_word' id='word_1_66' title='bbox 880 2808 993 2885; x_wconf 87' lang='grc'>1476.</span> 
     </span>
     <span class='ocr_line' id='line_1_14' title="bbox 351 2924 1280 3035; baseline 0.005 -31"><span class='ocrx_word' id='word_1_67' title='bbox 351 2930 473 3029; x_wconf 83' lang='grc' dir='ltr'><em>Κύρια</em></span> <span class='ocrx_word' id='word_1_68' title='bbox 493 2929 589 3007; x_wconf 79' lang='grc' dir='ltr'><em>εἶναι</em></span> <span class='ocrx_word' id='word_1_69' title='bbox 611 2927 633 3006; x_wconf 84' lang='grc' dir='ltr'>ὅ</span> <span class='ocrx_word' id='word_1_70' title='bbox 652 2962 687 3006; x_wconf 92' lang='grc' dir='ltr'>τι</span> <span class='ocrx_word' id='word_1_71' title='bbox 707 2927 759 3008; x_wconf 72' lang='grc' dir='ltr'>ἂν</span> <span class='ocrx_word' id='word_1_72' title='bbox 777 2940 899 3032; x_wconf 74' lang='grc' dir='ltr'>ἕτερος</span> <span class='ocrx_word' id='word_1_73' title='bbox 919 2937 1029 3032; x_wconf 80' lang='grc' dir='ltr'><em>ἑτέρῳ</em></span> <span class='ocrx_word' id='word_1_74' title='bbox 1050 2924 1280 3035; x_wconf 73' lang='grc' dir='ltr'><em>ὁμολογήσῃ.</em></span> 
     </span>
    </p>
   </div>
   <div class='ocr_carea' id='block_1_8' title="bbox 930 3060 1516 3161">
    <p class='ocr_par' dir='ltr' id='par_1_8' title="bbox 930 3060 1516 3161">
     <span class='ocr_line' id='line_1_15' title="bbox 930 3060 1516 3161; baseline -0.002 -22"><span class='ocrx_word' id='word_1_75' title='bbox 930 3062 1141 3157; x_wconf 76' lang='lat' dir='ltr'>(Demosth.</span> <span class='ocrx_word' id='word_1_76' title='bbox 1162 3061 1200 3138; x_wconf 93' lang='lat' dir='ltr'>in</span> <span class='ocrx_word' id='word_1_77' title='bbox 1220 3062 1358 3161; x_wconf 79' lang='lat' dir='ltr'>Euerg.</span> <span class='ocrx_word' id='word_1_78' title='bbox 1381 3060 1516 3158; x_wconf 61' lang='lat'>11623</span> 
     </span>
    </p>
   </div>
   <div class='ocr_carea' id='block_1_9' title="bbox 349 3224 1389 3451">
    <p class='ocr_par' dir='ltr' id='par_1_9' title="bbox 349 3224 1389 3451">
     <span class='ocr_line' id='line_1_16' title="bbox 874 3224 987 3301; baseline -0.009 0"><span class='ocrx_word' id='word_1_79' title='bbox 874 3224 987 3301; x_wconf 82' lang='lat'><strong>1476.</strong></span> 
     </span>
     <span class='ocr_line' id='line_1_17' title="bbox 349 3311 1389 3451; baseline 0.005 -32"><span class='ocrx_word' id='word_1_80' title='bbox 349 3345 444 3423; x_wconf 80' lang='lat' dir='ltr'>Rata</span> <span class='ocrx_word' id='word_1_81' title='bbox 463 3357 592 3442; x_wconf 88' lang='lat' dir='ltr'>sunto,</span> <span class='ocrx_word' id='word_1_82' title='bbox 619 3311 861 3451; x_wconf 83' lang='lat' dir='ltr'>quaecunque</span> <span class='ocrx_word' id='word_1_83' title='bbox 881 3349 977 3425; x_wconf 80' lang='lat' dir='ltr'>alius</span> <span class='ocrx_word' id='word_1_84' title='bbox 995 3374 1081 3426; x_wconf 89' lang='lat' dir='ltr'>cum</span> <span class='ocrx_word' id='word_1_85' title='bbox 1099 3349 1173 3426; x_wconf 84' lang='lat' dir='ltr'>alic</span> <span class='ocrx_word' id='word_1_86' title='bbox 1192 3349 1389 3450; x_wconf 85' lang='lat' dir='ltr'>pepigerit</span> 
     </span>
    </p>
   </div>
   <div class='ocr_carea' id='block_1_10' title="bbox 242 3510 1621 3866">
    <p class='ocr_par' dir='ltr' id='par_1_10' title="bbox 242 3510 1621 3866">
     <span class='ocr_line' id='line_1_18' title="bbox 871 3510 984 3585; baseline 0 0"><span class='ocrx_word' id='word_1_87' title='bbox 871 3510 984 3585; x_wconf 86' lang='grc'>1477.</span> 
     </span>
     <span class='ocr_line' id='line_1_19' title="bbox 350 3625 1621 3737; baseline 0.007 -34"><span class='ocrx_word' id='word_1_88' title='bbox 350 3633 492 3730; x_wconf 78' lang='grc' dir='ltr'><em>Κυρίας</em></span> <span class='ocrx_word' id='word_1_89' title='bbox 511 3627 608 3707; x_wconf 79' lang='grc' dir='ltr'><em>εἶναι</em></span> <span class='ocrx_word' id='word_1_90' title='bbox 628 3629 693 3720; x_wconf 78' lang='grc' dir='ltr'>τοὶς</span> <span class='ocrx_word' id='word_1_91' title='bbox 713 3633 805 3734; x_wconf 82' lang='grc' dir='ltr'>πρός</span> <span class='ocrx_word' id='word_1_92' title='bbox 824 3630 1010 3728; x_wconf 73' lang='grc' dir='ltr'><em>ἀλλήλους</em></span> <span class='ocrx_word' id='word_1_93' title='bbox 1029 3625 1262 3737; x_wconf 74' lang='grc' dir='ltr'><em>ὁμολογίας,</em></span> <span class='ocrx_word' id='word_1_94' title='bbox 1291 3625 1343 3722; x_wconf 69' lang='grc' dir='ltr'>ἃς,</span> <span class='ocrx_word' id='word_1_95' title='bbox 1363 3628 1414 3709; x_wconf 77' lang='grc' dir='ltr'>ἂν</span> <span class='ocrx_word' id='word_1_96' title='bbox 1441 3639 1621 3712; x_wconf 76' lang='grc' dir='ltr'>ἐναντίον</span> 
     </span>
     <span class='ocr_line' id='line_1_20' title="bbox 242 3753 1614 3866; baseline 0.007 -35"><span class='ocrx_word' id='word_1_97' title='bbox 242 3753 446 3857; x_wconf 78' lang='grc' dir='ltr'><em>ιιοιριύριιν</em></span> <span class='ocrx_word' id='word_1_98' title='bbox 464 3755 702 3850; x_wconf 68' lang='grc' dir='ltr'>ποιήσωνται.</span> <span class='ocrx_word' id='word_1_99' title='bbox 841 3763 1053 3858; x_wconf 90' lang='lat' dir='ltr'>(Demosth.</span> <span class='ocrx_word' id='word_1_100' title='bbox 1073 3762 1157 3839; x_wconf 85' lang='lat' dir='ltr'><strong>adv.</strong></span> <span class='ocrx_word' id='word_1_101' title='bbox 1177 3761 1356 3866; x_wconf 80' lang='lat' dir='ltr'>Phaenip.</span> <span class='ocrx_word' id='word_1_102' title='bbox 1378 3763 1514 3858; x_wconf 83' lang='grc'>1042.)</span> <span class='ocrx_word' id='word_1_103' title='bbox 1612 3796 1614 3801; x_wconf 94' lang='grc'><em>·</em></span> 
     </span>
    </p>
   </div>
   <div class='ocr_carea' id='block_1_11' title="bbox 348 3923 1407 4155">
    <p class='ocr_par' dir='ltr' id='par_1_11' title="bbox 348 3923 1407 4155">
     <span class='ocr_line' id='line_1_21' title="bbox 871 3923 984 4001; baseline 0.009 -1"><span class='ocrx_word' id='word_1_104' title='bbox 871 3923 984 4001; x_wconf 87' lang='grc'>1477.</span> 
     </span>
     <span class='ocr_line' id='line_1_22' title="bbox 348 4045 1407 4155; baseline 0.001 -29"><span class='ocrx_word' id='word_1_105' title='bbox 348 4045 466 4126; x_wconf 80' lang='lat' dir='ltr'>Ratae</span> <span class='ocrx_word' id='word_1_106' title='bbox 484 4059 594 4127; x_wconf 88' lang='lat' dir='ltr'>sunto</span> <span class='ocrx_word' id='word_1_107' title='bbox 613 4051 805 4155; x_wconf 76' lang='lat' dir='ltr'>pactiones</span> <span class='ocrx_word' id='word_1_108' title='bbox 823 4051 979 4130; x_wconf 84' lang='lat' dir='ltr'>testibus</span> <span class='ocrx_word' id='word_1_109' title='bbox 998 4053 1258 4153; x_wconf 80' lang='lat' dir='ltr'>praesentibus</span> <span class='ocrx_word' id='word_1_110' title='bbox 1276 4052 1407 4129; x_wconf 77' lang='lat' dir='ltr'>factae.</span> 
     </span>
    </p>
   </div>
   <div class='ocr_carea' id='block_1_12' title="bbox 230 4214 1618 4670">
    <p class='ocr_par' dir='ltr' id='par_1_12' title="bbox 230 4214 1618 4670">
     <span class='ocr_line' id='line_1_23' title="bbox 876 4214 989 4291; baseline 0.009 -1"><span class='ocrx_word' id='word_1_111' title='bbox 876 4214 989 4291; x_wconf 84' lang='grc'>1478.</span> 
     </span>
     <span class='ocr_line' id='line_1_24' title="bbox 230 4330 1618 4441; baseline 0.009 -39"><span class='ocrx_word' id='word_1_112' title='bbox 230 4399 232 4402; x_wconf 85' lang='grc'><strong>,</strong></span> <span class='ocrx_word' id='word_1_113' title='bbox 353 4330 408 4409; x_wconf 79' lang='lat' dir='ltr'>Tui</span> <span class='ocrx_word' id='word_1_114' title='bbox 430 4334 646 4438; x_wconf 79' lang='grc' dir='ltr'><em>συμβόλαια</em></span> <span class='ocrx_word' id='word_1_115' title='bbox 664 4333 711 4415; x_wconf 84' lang='grc' dir='ltr'>τοὶ</span> <span class='ocrx_word' id='word_1_116' title='bbox 731 4333 823 4439; x_wconf 85' lang='grc' dir='ltr'>ιιρὸς</span> <span class='ocrx_word' id='word_1_117' title='bbox 841 4334 933 4428; x_wconf 76' lang='grc' dir='ltr'>τούς</span> <span class='ocrx_word' id='word_1_118' title='bbox 951 4340 1013 4416; x_wconf 79' lang='grc' dir='ltr'>ἐπὶ</span> <span class='ocrx_word' id='word_1_119' title='bbox 1032 4349 1115 4426; x_wconf 86' lang='grc' dir='ltr'>ταῖς</span> <span class='ocrx_word' id='word_1_120' title='bbox 1132 4342 1331 4438; x_wconf 80' lang='grc' dir='ltr'><strong><em>τραπέζαις</em></strong></span> <span class='ocrx_word' id='word_1_121' title='bbox 1348 4330 1444 4415; x_wconf 72' lang='grc' dir='ltr'>ἄνευ</span> <span class='ocrx_word' id='word_1_122' title='bbox 1468 4337 1618 4441; x_wconf 85' lang='grc' dir='ltr'><em>μαρτύ-</em></span> 
     </span>
     <span class='ocr_line' id='line_1_25' title="bbox 244 4463 1513 4570; baseline 0.006 -33"><span class='ocrx_word' id='word_1_123' title='bbox 244 4489 321 4560; x_wconf 79' lang='grc' dir='ltr'>ρων</span> <span class='ocrx_word' id='word_1_124' title='bbox 339 4464 520 4567; x_wconf 74' lang='grc' dir='ltr'><em>γίγνεται.</em></span> <span class='ocrx_word' id='word_1_125' title='bbox 1008 4468 1177 4562; x_wconf 84' lang='lat' dir='ltr'>(Isocrat.</span> <span class='ocrx_word' id='word_1_126' title='bbox 1197 4467 1382 4570; x_wconf 80' lang='lat' dir='ltr'>Trapezit.</span> <span class='ocrx_word' id='word_1_127' title='bbox 1402 4463 1436 4570; x_wconf 67' lang='grc' dir='ltr'>ξ.</span> <span class='ocrx_word' id='word_1_128' title='bbox 1455 4468 1513 4562; x_wconf 83' lang='lat'>2.)</span> 
     </span>
     <span class='ocr_line' id='line_1_26' title="bbox 876 4593 990 4670; baseline 0.026 -3"><span class='ocrx_word' id='word_1_129' title='bbox 876 4593 990 4670; x_wconf 82' lang='lat'><strong>1478.</strong></span> 
     </span>
    </p>
   </div>
   <div class='ocr_carea' id='block_1_13' title="bbox 243 4717 1620 5238">
    <p class='ocr_par' dir='ltr' id='par_1_13' title="bbox 243 4717 1620 5238">
     <span class='ocr_line' id='line_1_27' title="bbox 350 4717 1370 4822; baseline 0.005 -28"><span class='ocrx_word' id='word_1_130' title='bbox 350 4717 537 4822; x_wconf 83' lang='lat' dir='ltr'>Quidquid</span> <span class='ocrx_word' id='word_1_131' title='bbox 556 4746 641 4799; x_wconf 88' lang='lat' dir='ltr'>cum</span> <span class='ocrx_word' id='word_1_132' title='bbox 659 4720 853 4800; x_wconf 82' lang='lat' dir='ltr'>mensariis</span> <span class='ocrx_word' id='word_1_133' title='bbox 872 4720 1014 4820; x_wconf 79' lang='lat' dir='ltr'>agitur,</span> <span class='ocrx_word' id='word_1_134' title='bbox 1044 4719 1086 4796; x_wconf 92' lang='lat' dir='ltr'>fit</span> <span class='ocrx_word' id='word_1_135' title='bbox 1103 4719 1183 4798; x_wconf 87' lang='lat' dir='ltr'>sine</span> <span class='ocrx_word' id='word_1_136' title='bbox 1202 4718 1370 4798; x_wconf 85' lang='lat' dir='ltr'>testibus.</span> 
     </span>
     <span class='ocr_line' id='line_1_28' title="bbox 860 4883 988 4960; baseline 0.023 -3"><span class='ocrx_word' id='word_1_137' title='bbox 860 4907 863 4911; x_wconf 74' lang='grc'><em>’</em></span> <span class='ocrx_word' id='word_1_138' title='bbox 877 4883 988 4960; x_wconf 82' lang='grc'>1479.</span> 
     </span>
     <span class='ocr_line' id='line_1_29' title="bbox 349 5000 1620 5112; baseline 0.006 -35"><span class='ocrx_word' id='word_1_139' title='bbox 349 5001 520 5081; x_wconf 67' lang='lat' dir='ltr'>usticam</span> <span class='ocrx_word' id='word_1_140' title='bbox 540 5004 577 5082; x_wconf 79' lang='grc' dir='ltr'>δι’</span> <span class='ocrx_word' id='word_1_141' title='bbox 598 5003 733 5093; x_wconf 77' lang='grc' dir='ltr'><em>πάντες</em></span> <span class='ocrx_word' id='word_1_142' title='bbox 753 5008 789 5080; x_wconf 75' lang='grc' dir='ltr'>οἱ</span> <span class='ocrx_word' id='word_1_143' title='bbox 807 5012 1046 5105; x_wconf 79' lang='grc' dir='ltr'><em>τραπεζῖται,</em></span> <span class='ocrx_word' id='word_1_144' title='bbox 1075 5000 1172 5084; x_wconf 78' lang='grc' dir='ltr'><em>ὅταν</em></span> <span class='ocrx_word' id='word_1_145' title='bbox 1197 5036 1254 5096; x_wconf 87' lang='grc' dir='ltr'>τις</span> <span class='ocrx_word' id='word_1_146' title='bbox 1282 5002 1469 5112; x_wconf 79' lang='grc' dir='ltr'>ἀργύριον</span> <span class='ocrx_word' id='word_1_147' title='bbox 1498 5014 1620 5097; x_wconf 75' lang='grc' dir='ltr'>τιθεὶς</span> 
     </span>
     <span class='ocr_line' id='line_1_30' title="bbox 243 5118 1619 5238; baseline 0.015 -47"><span class='ocrx_word' id='word_1_148' title='bbox 243 5118 389 5223; x_wconf 80' lang='grc' dir='ltr'><em>ἰδιώτης</em></span> <span class='ocrx_word' id='word_1_149' title='bbox 408 5128 626 5211; x_wconf 76' lang='grc' dir='ltr'><em>ἀποδοῦναί</em></span> <span class='ocrx_word' id='word_1_150' title='bbox 654 5163 708 5238; x_wconf 80' lang='grc' dir='ltr'>τῳ</span> <span class='ocrx_word' id='word_1_151' title='bbox 737 5129 969 5238; x_wconf 76' lang='grc' dir='ltr'><em>προστάττῃ,</em></span> <span class='ocrx_word' id='word_1_152' title='bbox 999 5133 1149 5236; x_wconf 77' lang='grc' dir='ltr'><em>πρῶτον</em></span> <span class='ocrx_word' id='word_1_153' title='bbox 1176 5133 1247 5211; x_wconf 84' lang='grc' dir='ltr'>τοῦ</span> <span class='ocrx_word' id='word_1_154' title='bbox 1278 5140 1413 5224; x_wconf 75' lang='grc' dir='ltr'>θέντος</span> <span class='ocrx_word' id='word_1_155' title='bbox 1441 5127 1619 5237; x_wconf 73' lang='grc' dir='ltr'><em>τοῦνομα</em></span> 
     </span>
    </p>
   </div>
   <div class='ocr_carea' id='block_1_14' title="bbox 0 0 1722 5790">
    <p class='ocr_par' dir='ltr' id='par_1_14' title="bbox 0 0 1722 5790">
     <span class='ocr_line' id='line_1_31' title="bbox 0 0 1722 5790; baseline 0 0"><span class='ocrx_word' id='word_1_156' title='bbox 0 0 1722 5790; x_wconf 95' lang='lat' dir='ltr'> </span> 
     </span>
    </p>
   </div>
  </div>
 </body>
</html>
