3404 5782
509 407 817 462 couusuranrus
839 407 889 457 ru
908 403 972 462 srs.
993 404 1055 460 trs.
1075 400 1138 461 aso.
1158 404 1221 460 sea.
1475 382 1552 461 tta

759 628 835 710 st
860 629 976 713 0⁷³.

271 795 549 896 Xenophon
569 795 615 871 de
635 794 812 894 nrngistro
833 793 945 894 equit.
968 796 996 891 I,
1019 794 1089 869 19:
1118 792 1362 872 Commodum
1382 796 1419 873 id
1439 798 1551 874 etiam

165 923 205 997 in
224 921 440 998 memoriam
459 921 648 1011 revocari,
678 916 777 1020 quod
806 908 938 994 orbitas
954 919 993 994 in
1014 919 1216 1021 equitatum
1235 921 1281 997 ad
1303 920 1552 1021 quadraginta

165 1045 307 1123 talenta
332 1046 531 1146 quotannis
560 1043 771 1145 impendat,
799 1055 862 1137 ut,
891 1045 923 1118 si
951 1042 1088 1122 bellurn
1116 1045 1274 1140 existat,
1303 1047 1488 1145 equitatus
1517 1046 1549 1121 ei

165 1169 402 1270 quaerendus
420 1196 498 1248 non
517 1170 584 1264 sit,
612 1169 679 1247 sed
706 1171 746 1244 in
775 1181 950 1269 promptu
977 1167 1135 1262 habeat,
1166 1195 1240 1269 quo
1267 1170 1447 1248 instructo
1468 1196 1551 1270 pose

164 1307 299 1372 Μ’
751 1396 964 1480 suess

268 1562 326 1639 Illi
355 1563 500 1662 equites
526 1562 805 1661 intelliguntur,
835 1563 899 1662 qui
925 1561 1081 1660 triginta
1109 1561 1275 1662 tyrannis
1302 1562 1548 1638 serviverunt.

162 1688 205 1762 ln
225 1688 357 1785 regula
374 1680 606 1770 κατάστασις
625 1712 701 1763 non
719 1685 994 1762 restituebatur.
1019 1684 1082 1763 cf.
1103 1686 1283 1763 Boeclrhii
1303 1684 1417 1787 Oorp.
1433 1688 1549 1764 Insor.

162 1808 293 1887 Graec.
314 1811 421 1887 Tom.
443 1814 470 1888 Ι.
491 1839 527 1912 p.
549 1813 626 1886 119
646 1821 684 1889 et
702 1811 792 1888 896.

749 2020 827 2103 Ad
848 2023 963 2105 080.

267 2184 517 2263 Plutarch.
547 2186 758 2287 reipubl.
787 2187 986 2284 gerend.
1017 2196 1292 2287 praecepta
1310 2183 1404 2260 XV:
1433 2183 1548 2260 Athe·

158 2310 216 2383 nis
235 2307 440 2387 Salaminia
458 2314 566 2387 navis
585 2326 624 2388 et
642 2313 797 2388 Psrslus
815 2336 891 2386 non
908 2311 1073 2413 cujusvis
1099 2309 1265 2409 negotii,
1295 2309 1360 2386 sed
1380 2334 1547 2386 necessa·

160 2435 299 2508 riorum
318 2445 463 2511 tantum
482 2462 526 2511 ac
545 2461 767 2535 magnorum
785 2460 898 2512 causa
917 2433 1204 2511 deducebantur.

265 2577 423 2655 Paralus
452 2579 562 2655 etiam
591 2577 700 2656 Delia
727 2578 942 2655 vocabatur.
988 2576 1148 2654 Tardius
1179 2589 1255 2652 tres
1283 2576 1431 2653 additae
1462 2586 1550 2652 sunt

159 2729 294 2778 naves:
324 2702 546 2801 Antigonis,
578 2703 778 2780 Ptolemais
807 2711 844 2777 et
872 2700 1098 2779 Ammonias.
1137 2700 1197 2776 cf.
1227 2701 1366 2776 Lexica
1394 2700 1546 2799 Seguer.

158 2855 193 2926 p.
215 2827 303 2901 267.
333 2827 456 2902 Schol.
477 2829 515 2901 in
534 2827 727 2904 Demosth.
748 2827 838 2905 idid.
855 2826 948 2921 570,
968 2826 1003 2902 3.

750 3053 827 3138 Ad
846 3057 962 3138 002.

264 3224 621 3324 Harpocratio:
653 3216 824 3319 Θεωρικὰ
854 3222 1021 3323 pecunia
1048 3222 1232 3322 quaedam
1257 3233 1336 3300 erat
1356 3223 1547 3325 publicae

158 3349 319 3423 civitatis
338 3349 520 3425 reditibus
540 3349 716 3443 collecta,
746 3374 841 3447 quae
866 3349 969 3449 prius
989 3347 1037 3424 ad
1056 3375 1145 3423 usus
1163 3349 1318 3425 bellicos
1337 3349 1545 3450 reponeba-

158 3486 217 3548 tur
235 3485 273 3548 et
289 3473 460 3549 militaris
479 3473 691 3565 dicebatur,
721 3472 785 3548 sed
813 3484 946 3573 postes
964 3473 1002 3548 in
1022 3471 1193 3573 publicos
1212 3485 1416 3575 apparatus
1435 3486 1473 3548 et
1491 3474 1543 3553 di·

157 3599 399 3674 stributiones
419 3597 699 3689 conserebatur,
729 3620 887 3696 quarum
906 3608 1036 3672 auctor
1055 3598 1124 3672 suit
1142 3597 1350 3697 Agyrrhius
1370 3598 1544 3697 demago-

156 3749 238 3821 gus.
258 3721 432 3799 Ceterum
451 3722 692 3797 Philochorus
711 3723 808 3797 libro
824 3716 933 3796 tertio
942 3720 1108 3797 atthidis
1128 3721 1274 3796 scribit:
1298 3722 1422 3816 ,Olim
1442 3749 1544 3799 more

157 3861 349 3948 receptum
368 3859 468 3940 erat,
487 3858 530 3923 ut
547 3847 727 3923 drachma
744 3847 940 3946 spectandi
958 3872 1071 3922 causa
1093 3846 1319 3940 solveretur,
1344 3868 1438 3946 quae
1456 3848 1543 3924 inde

157 3974 268 4048 etiam
297 3972 463 4048 theorica
489 3969 783 4073 appellabatur.“
823 3969 993 4046 Philinus
1022 3997 1110 4046 vero
1139 3969 1232 4048 haec
1260 3984 1542 4049 commemorat:

159 4090 355 4192 θεωρικόν
372 4124 420 4175 ex
438 4097 509 4173 hoc
528 4097 688 4189 dictum,
708 4094 809 4195 quod
828 4094 997 4172 Eubulus
1020 4097 1246 4172 instantibus
1264 4097 1454 4197 Dionysiis
1477 4123 1542 4198 pe·

155 4223 304 4299 cuniam
322 4222 371 4297 ad
388 4221 573 4298 sacrificia
592 4220 856 4313 distribuisset,
885 4233 927 4296 ut
951 4220 1116 4296 universi
1133 4221 1271 4297 festum
1289 4221 1543 4324 celebrarent,

155 4372 225 4421 nec
244 4346 382 4422 civium
400 4346 496 4424 ullus
525 4348 574 4423 ob
603 4347 656 4423 rei
683 4346 875 4422 familiaris
903 4347 1068 4445 inopiam
1097 4347 1320 4447 spectaculis
1343 4359 1542 4425 arceretur.

263 4487 440 4566 Suidas
468 4515 496 4565 s.
516 4516 553 4564 v.
586 4482 756 4584 θεωρικά
769 4517 781 4558 .·
810 4486 904 4566 Cum
924 4499 1091 4588 tempore
1109 4488 1427 4588 spectaculorum,
1448 4514 1541 4590 quae

153 4616 336 4718 Dionysia
353 4614 606 4711 vocabantur,
634 4616 712 4693 ludi
730 4617 921 4715 magnifici
942 4619 1092 4709 herent,
1122 4613 1313 4693 accidebat
1331 4628 1373 4691 ut
1390 4613 1542 4715 quidam

153 4739 338 4819 scivibus
364 4741 465 4818 inter
490 4764 529 4817 se
559 4741 827 4818 contendentes
855 4741 904 4816 sd
932 4740 1085 4840 injurios
1115 4750 1152 4814 et
1180 4741 1336 4817 vulnera
1360 4740 1541 4814 venirent

153 4856 299 4949 Mil
314 4866 607 4971 igliurpopttlo,
636 4893 684 4943 ne
704 4868 797 4967 'quis
825 4868 983 4967 amplius
1003 4866 1118 4962 gratis
1138 4877 1341 4965 spectaret,
1372 4864 1437 4938 sed
1456 4888 1540 4964 spe-

338 5008 358 5064 Ι
558 4991 691 5071 emeda
719 4992 939 5068 locarentur.
978 4991 1072 5065 Cum
1100 5004 1223 5064 nutem
1244 5015 1449 5091 pauperum
1471 4989 1540 5062 hac

626 5114 736 5212 rditio,
756 5117 855 5216 quod
876 5116 1010 5193 divites
1031 5118 1167 5215 majore
1187 5117 1308 5215 pretio
1329 5113 1434 5187 facile
1455 5112 1537 5187 loca
