3436 5790
180 385 257 461 530
596 403 903 457 comperiremus
926 402 976 451 sn
995 399 1058 454 ooo.
1078 399 1142 452 aot.

177 599 376 692 cabantur,
406 597 541 674 licebat
566 596 618 688 ei,
649 596 712 695 qui
732 593 931 696 pecuniam
949 602 1112 667 mutuam
1132 592 1203 693 ipsi
1224 591 1399 688 dederat,
1433 594 1472 667 in
1491 619 1567 669 me

178 723 278 798 dium
296 722 468 823 prodire,
488 720 672 796 dicentem
692 720 762 796 sibi
782 718 949 793 debitum
967 718 1006 792 in
1025 718 1104 817 ejus
1123 717 1232 793 bonis
1254 716 1394 794 deberi.
1429 717 1478 792 Et
1497 719 1568 794 hoc

178 847 635 924 vdoaturvindicatio
661 845 1012 935 etvindicare.)

283 989 393 1066 Actio
414 989 624 1090 hujusmodi
643 989 756 1064 etiam
775 982 999 1058 διαδικασία
1020 989 1247 1081 vocabatur,
1279 995 1320 1062 ut
1339 987 1469 1063 dicunt
1487 988 1566 1063 Le·

177 1116 285 1192 xiou
304 1115 457 1215 Seguer.
477 1143 514 1216 p.
526 1114 624 1189 236:
645 1107 869 1184 διαδικασία
889 1114 1035 1212 λέγεται
1054 1104 1152 1183 ὅταν
1171 1106 1422 1205 δημευθείσης
1431 1104 1568 1194 οὐσίας

176 1234 376 1328 δικάζηταί
394 1268 449 1323 τις
468 1234 560 1333 πρὸς
578 1234 623 1311 τὸ
645 1233 848 1330 δημόσιον,
880 1226 931 1321 ὦς
950 1231 1212 1331 ὀφειλομένων
1231 1229 1340 1331 αὐτῷ
1355 1230 1568 1332 χρημάτων

174 1368 217 1437 e'r
234 1361 279 1459 τῇ
301 1360 532 1460 ‹inpacta-top
552 1356 680 1461 οὐσίᾳ.
720 1358 974 1459 (Διαδικασία
995 1361 1128 1438 dicitur
1147 1381 1263 1461 quum
1281 1360 1482 1463 publicatis
1500 1362 1565 1437 bo-

175 1490 232 1564 nis
254 1490 397 1590 judicio
425 1489 618 1566 contendit
640 1489 773 1589 aliquis
793 1515 878 1564 cum
899 1487 1109 1588 republica,
1139 1486 1238 1586 quod
1258 1485 1472 1565 debeantur
1490 1486 1562 1586 ipsi

174 1616 354 1713 pecuniae
375 1642 394 1690 e
414 1614 523 1690 bonis
542 1614 775 1716 publicatis.)

759 1796 835 1886 Ad
859 1805 974 1886 000.

280 1972 459 2048 Suidas
476 1997 503 2047 s.
526 2000 559 2046 v.
580 1963 779 2070 ἀγραφίου
791 1998 803 2038 .·
833 1971 994 2045 Nomina
1012 1970 1160 2045 illorum
1180 1968 1244 2068 qui
1262 1969 1440 2045 mulctam
1459 1994 1561 2045 aera·

171 2098 227 2173 rio
246 2098 437 2173 debebant
455 2097 591 2172 tabulis
618 2095 876 2172 inscribebant
896 2097 983 2170 huic
1002 2095 1155 2193 negotio
1175 2122 1243 2195 pro
1263 2105 1432 2195 tempore
1453 2122 1560 2196 prae-

171 2223 303 2321 positi,
332 2221 459 2297 addito
478 2233 659 2322 quantum
678 2222 912 2321 singulorum
932 2232 1030 2299 esset
1048 2221 1185 2299 debito.

762 2451 838 2534 Ad
866 2453 972 2534 001.

277 2619 457 2712 Tributa,
496 2647 590 2718 quae
625 2620 769 2695 alienae
799 2620 969 2694 civitates
998 2618 1290 2694 Atheniensibus
1319 2614 1558 2717 pendebant,

170 2744 311 2844 primus
340 2743 509 2820 delinivit
535 2745 735 2837 Aristides,
766 2755 859 2818 teste
878 2743 1100 2844 Thucydide
1125 2744 1194 2835 (V,
1220 2740 1308 2835 18);
1336 2736 1404 2823 τὰς
1425 2735 1464 2812 δὲ
1487 2732 1557 2810 πό-

168 2870 244 2952 λεις
272 2863 464 2962 φερούσας
487 2864 558 2940 τὸν
586 2867 712 2964 φόρον
740 2863 828 2943 τὸν
864 2873 930 2941 ἐπ’
963 2862 1286 2963 Ἀριστείδου
1314 2861 1558 2960 αὐτονόμους

168 2987 278 3066 εἶναι.

276 3117 389 3192 Teste
418 3119 620 3194 Plutarcho
650 3119 875 3212 (Aristid.
896 3119 968 3210 24)
999 3117 1139 3207 Graeci
1155 3117 1356 3197 Aristidem
1375 3121 1424 3195 ab
1444 3116 1556 3194 Athe-

169 3242 361 3316 niensibus
387 3245 593 3343 petierunt,
623 3244 683 3342 qui
713 3270 823 3341 agros
853 3255 890 3317 ct
919 3243 1057 3318 reditus
1087 3243 1306 3344 inspiceret,
1337 3269 1381 3320 ae
1401 3242 1558 3346 proinde

167 3368 367 3466 unicuique
386 3371 467 3444 urbi
488 3396 555 3468 pro
584 3370 664 3469 ejus
694 3369 934 3445 facultatibus
962 3369 1182 3468 pensionem
1210 3367 1401 3445 indiceret.
1440 3368 1555 3446 Athe·

167 3493 352 3569 niensium
379 3495 470 3569 socii
499 3494 678 3568 tributum
704 3495 752 3569 ab
773 3492 933 3570 Aristide
959 3492 1174 3594 impositum
1193 3494 1410 3570 felicitatem
1430 3519 1554 3592 quam·

167 3617 255 3692 dam
264 3614 446 3697 Graeciae
467 3617 695 3692 nominando
717 3615 971 3710 celebrabant,
991 3618 1149 3693 maxime
1170 3645 1255 3695 cum
1274 3619 1313 3692 id
1333 3617 1451 3692 multo
1472 3627 1557 3719 post

167 3754 332 3842 tempore
353 3743 505 3843 duplum
526 3757 637 3842 atque
662 3743 749 3818 inde
777 3742 927 3843 triplum
958 3742 1181 3841 exigeretur.
1219 3742 1393 3818 Aristidis
1411 3768 1557 3817 summa

166 3880 246 3941 erat
273 3864 495 3942 talentorum
526 3869 672 3942 circiter
699 3866 1057 3965 quadringentorum
1096 3869 1317 3967 sexaginta,
1354 3865 1441 3942 huic
1478 3868 1553 3942 fere

165 3993 335 4067 trientem
356 3994 498 4069 addidit
517 3994 699 4087 Pericles,
720 3990 904 4091 siquidem
923 3974 1164 4095 'llrrrcvdides
1183 3995 1235 4068 ait
1254 3995 1322 4088 (Π,
1348 3994 1417 4085 13)
1436 3993 1553 4069 Athe·

166 4116 357 4191 niensibus
377 4144 400 4191 a
418 4119 527 4193 sociis
546 4119 688 4192 talenta
707 4117 860 4192 rediisse
880 4129 1072 4193 sexcenta:
1101 4119 1248 4194 Mortuo
1267 4118 1435 4215 Pericle,
1456 4148 1552 4196 sum·

166 4268 228 4316 ma
246 4244 293 4317 ab
312 4243 377 4337 iis,
407 4243 468 4341 qni
497 4244 680 4344 populum
707 4243 949 4319 concionibus
978 4230 1179 4342 regebant,
1208 4245 1257 4320 ad
1285 4245 1386 4321 mille
1417 4256 1454 4321 et
1481 4258 1553 4322 tne-

165 4379 275 4441 centa
293 4366 430 4443 talenta
448 4381 503 4443 cst
522 4367 702 4462 adducta,
732 4394 807 4445 non
834 4383 910 4444 tam
929 4367 1030 4444 bello
1050 4371 1099 4445 ob
1119 4369 1353 4447 durationem
1373 4384 1411 4448 et
1431 4374 1554 4448 varios

165 4517 271 4567 casus
296 4505 419 4568 tantos
448 4507 617 4594 sumptus
646 4496 881 4595 postulante,
911 4522 1023 4596 quam
1043 4497 1184 4596 populo
1206 4497 1254 4571 ab
1274 4497 1318 4572 iis
1336 4495 1384 4572 ad
1404 4496 1552 4574 divisio·

162 4642 229 4691 nes
247 4619 512 4717 pecuniarum,
543 4619 710 4696 theorica
729 4634 766 4695 et
785 4622 1066 4698 simulacrorum
1086 4647 1129 4697 ac
1157 4623 1381 4722 templorum
1409 4634 1551 4699 exstru-

163 4743 305 4817 ctiones
325 4743 528 4840 exigendas
547 4743 680 4820 illecto.

270 4869 550 4967 Descriptiones
592 4868 816 4945 tributorum
859 4899 882 4945 a
917 4874 1027 4947 sociis
1073 4873 1278 4948 solutorum
1324 4872 1413 4949 vide
1450 4873 1550 4975 apud

158 4991 468 5065 Boeckhium.
506 4991 685 5082 (Staatsh.
715 4994 748 5068 d.
783 4995 912 5073 Athen.
942 4997 1048 5070 'Pom
1082 4999 1127 5074 ll.
1166 5025 1200 5097 p.
1232 4998 1308 5070 369
1351 5024 1469 5098 nsque
1499 4998 1547 5073 ad

160 5117 308 5207 finem)
