3404 5782
697 365 759 416 JUS
777 362 989 420 Punulcuut.

793 554 883 631 828.

256 700 423 805 Populus
451 700 637 800 suffragiis
666 699 854 796 decernit,
884 725 932 776 an
952 701 1210 780 ostracismum
1229 723 1404 781 exercere
1424 699 1540 798 volit3

148 828 246 932 quod
265 832 297 907 si
316 842 493 908 statutum
512 828 642 924 Iuerit,
672 830 753 905 foro
783 827 958 906 cancellis
988 831 1236 934 circumsepto
1266 830 1396 906 decom
1420 826 1538 906 relin-

148 968 310 1057 quuntur
328 956 471 1048 aditus,
500 979 568 1055 per
586 980 679 1053 quos
698 952 866 1029 tributim
889 954 1142 1052 ingredientes
1162 957 1382 1032 testularum
1401 953 1538 1030 suffra-

147 1084 211 1181 giu
229 1083 371 1174 ferunt,
396 1104 532 1155 nomen
551 1078 770 1180 inscriptum
789 1090 1014 1160 avertentes.
1053 1080 1237 1157 Praesunt
1256 1105 1345 1156 vero
1364 1079 1451 1155 huic
1470 1104 1537 1154 ne·

147 1209 251 1306 gotio
270 1233 407 1283 novem
427 1203 622 1281 archontes
641 1216 679 1279 et
696 1215 860 1281 senatus.
899 1204 1062 1281 Testulis
1091 1207 1313 1308 computatis
1340 1205 1392 1298 is,
1423 1229 1535 1305 quem

147 1334 325 1436 pleraque
345 1329 526 1429 suffragia
544 1342 581 1404 et
600 1327 751 1429 quidem
779 1356 855 1406 non
884 1333 1062 1431 pauciora
1089 1359 1156 1409 sex
1175 1331 1340 1409 millibus
1361 1329 1534 1427 designa·

147 1458 288 1551 verint,
318 1457 454 1532 debent
471 1455 568 1529 intra
586 1453 769 1530 decimum
788 1453 887 1529 diem
907 1455 999 1531 urbe
1025 1456 1216 1533 excedere.
1256 1454 1329 1531 Sed
1350 1455 1381 1531 si
1401 1454 1534 1529 suffra·

147 1582 211 1682 gia
230 1608 306 1659 non
327 1582 465 1658 fuerint
483 1607 548 1656 sex
566 1579 703 1673 millia,
732 1606 778 1656 ne
799 1579 934 1656 debeat
952 1581 1145 1659 excedere.

742 1859 856 1952 Μίρος
878 1863 935 1944 ιζ’.

626 1985 858 2053 Φονικαί
898 1987 1061 2054 δίκαι.

437 2349 554 2415 Litis
587 2350 660 2415 via
693 2350 735 2413 in
767 2349 920 2414 causis
952 2347 1246 2437 capitalibus.

799 2513 888 2590 829.

255 2659 460 2759 Είργονται
489 2653 599 2750 ἱερῶν
627 2656 695 2728 καί
725 2649 868 2756 ἀγορᾶς
896 2655 932 2728 σί
962 2661 1006 2730 ἐν
1028 2654 1240 2760 κατηγορίᾳ
1260 2651 1412 2752 φόνου,
1443 2647 1531 2755 ἄχρι

149 2784 325 2877 κρίσι-ως·
354 2785 423 2855 καί
441 2778 560 2855 τοῦτο
585 2777 858 2882 πρααγὸρευσις
875 2785 1059 2858 καλεῖται.

799 3013 877 3088 829
1042 2908 1200 3001 (Pollux
1219 2907 1324 3003 VIII,
1344 2908 1431 3001 66.)

257 3139 441 3218 Arcentur
469 3166 492 3215 a
519 3140 633 3214 sacris
661 3151 698 3214 et
727 3140 829 3228 foro,
857 3141 920 3240 qui
949 3141 987 3216 in
1014 3141 1139 3217 caedis
1167 3144 1408 3219 accusatione
1431 3154 1532 3234 sunt,

150 3290 265 3364 usque
285 3266 332 3339 ad
345 3264 476 3364 judicii
494 3263 613 3359 diem3
634 3275 680 3340 et
698 3263 768 3339 hoc
786 3265 995 3341 interdictio
1015 3279 1181 3344 vocatur.

256 3570 469 3663 Προειιτεῖν
497 3565 550 3665 τῷ
578 3573 775 3646 κτείναντι
803 3575 846 3661 ἐν
875 3562 1001 3672 ἀγορᾷ
1036 3564 1146 3656 ἑντδς
1178 3565 1432 3672 ἀνεψιότητος
1468 3572 1531 3644 καί

151 3687 340 3792 ἇνεψιούς
359 3698 427 3766 καί
448 3688 706 3793 descenderis,
737 3692 966 3769 συνδιώκειν
995 3692 1032 3767 δι’
1058 3701 1127 3770 καί
1147 3691 1336 3796 ἀνεψιούς
1356 3702 1426 3771 καί
1447 3693 1545 3774 dre,

151 3818 255 3918 ψιών
275 3815 413 3904 παῖδας
430 3822 499 3891 καί
519 3816 720 3921 γαμβρούς
739 3825 808 3894 καί
828 3817 1041 3919 πενθερούς
1065 3827 1135 3899 καί.
1163 3820 1378 3921 φράτορας·
1410 3819 1532 3900 ἐὰνδὲ

30 4001 35 4012 .
151 3943 379 4020 αἰδέσασθαι
399 3941 482 4040 δέη,
512 3940 583 4018 ἐὰν
606 3947 680 4041 μὲν
708 3941 832 4043 πατὴρ
858 3937 925 4041 rii}
944 3940 1111 4039 ἀδελφὸς
1132 3940 1156 4037 ἢ
1174 3949 1289 4036 vicie,
1318 3946 1488 4038 πάντας,
1511 3940 1533 4036 ἢ

150 4068 222 4146 τὸν
239 4067 443 4145 κωλύοντα
465 4078 641 4166 κρατεῖν·
671 4066 741 4143 ἐὰν
760 4066 799 4143 δὲ
820 4068 970 4151 τούτων
984 4068 1114 4168 μηδείς
1132 4063 1174 4168 ᾗ,
1203 4075 1336 4168 κτείνῃ
1358 4071 1393 4147 δ’
1414 4067 1532 4160 ἄκων,

150 4193 267 4299 γνῶσι
298 4192 332 4267 δ’
362 4197 396 4270 oi
427 4194 665 4286 πεντήκοντα
694 4200 762 4269 καί
792 4189 861 4283 εἷς,
892 4189 915 4285 ἢ
944 4199 979 4270 οἱ
1009 4201 1162 4292 ἐφέται,
1193 4190 1346 4274 ἄκοντα
1365 4211 1532 4285 κτεῖναι,

151 4317 446 4395 αίδεσάσδωσαν
465 4325 499 4395 oi
522 4318 729 4419 φράτορες,
759 4316 830 4395 ἑὰν
852 4325 987 4395 δίλιισι
1009 4320 1113 4398 δίκα.
1148 4320 1319 4411 Τούτους
1340 4317 1424 4400 δὀἱ
1446 4354 1530 4401 ιιιν-

150 4444 318 4541 τὴκοντα
338 4453 407 4543 καί
428 4441 479 4533 εἷς
499 4441 720 4545 ἀριστίνδην
740 4447 958 4543 αἱρείσθων.
998 4453 1072 4522 Καί
1093 4451 1127 4522 oi
1150 4446 1335 4549 πρότερον
1354 4456 1532 4526 κτείναν·

151 4601 209 4660 τις
227 4578 270 4647 ίν
287 4569 385 4671 τῷδε
404 4569 459 4670 τῷ
482 4570 613 4668 δεσμῷ
634 4575 861 4666 ἐνεχέσθων.

784 4681 996 4773 (Demosth.
1017 4681 1100 4759 adv.
1122 4683 1273 4761 Macart.
1296 4686 1433 4781 1069.)

800 4847 889 4922 830.

259 4973 488 5050 Interdicant
516 4973 784 5074 proclamando
815 4973 853 5049 iu
883 4975 1541 5084 Iorointe1·Iectoriintruconsobri·.

152 5103 307 5178 uitatem
325 5109 363 5177 ot
380 5099 593 5176 consobrini
612 5111 650 5174 et
669 5100 829 5194 sobrini,
858 5125 931 5175 una
951 5113 1074 5176 sutem
1094 5117 1367 5202 persequantur
1386 5105 1526 5184 homici-
