3436 5790
465 453 771 506 consumamus
791 450 844 502 an
863 449 927 504 551.
946 451 1009 505 555.
1028 451 1092 505 555.
1393 430 1472 505 485

190 642 485 719 Lacedaemonio
506 655 630 720 autem
651 669 697 718 ne
716 644 877 743 spoliare
906 645 1055 743 quidem
1081 645 1247 720 occisum
1264 643 1408 721 hostem
1428 646 1471 721 li-

80 766 199 842 cebat.
230 767 441 859 (Aelian.
461 768 567 844 Var.
589 769 696 844 hist.
718 769 784 860 Vl,
806 768 841 861 6,
864 771 920 860 5.)

187 891 382 994 Lycurgus
401 894 593 994 praecepit
611 891 935 988 Lacedaemoniis,
964 906 1005 967 ut
1033 894 1068 967 si
1083 893 1227 993 proelio
1248 893 1395 969 hostem
1414 896 1468 970 fu·

80 1015 221 1093 dissent
239 1043 283 1092 ae
304 1020 500 1114 viaissent,
520 1020 704 1120 tantisper
722 1021 832 1095 modo
852 1021 1140 1119 insequerentur
1158 1020 1361 1117 fugientes,
1381 1020 1469 1095 dum

77 1140 272 1217 victoriam
291 1144 593 1230 constabilirent,
625 1144 759 1220 deinde
788 1146 914 1221 statim
938 1171 977 1220 55
998 1144 1229 1246 reciperent:
1260 1170 1335 1220 non
1355 1145 1468 1220 modo

77 1266 165 1364 quia
183 1265 451 1344 Graecanicum
472 1295 545 1344 non
567 1282 662 1345 55555
681 1268 856 1345 cedentes
875 1271 1095 1363 interficere,
1113 1269 1179 1346 sed
1198 1287 1235 1345 et
1254 1267 1352 1344 utilis
1372 1271 1465 1345 haec

75 1390 190 1467 ratio:
219 1393 345 1469 hostes
374 1395 532 1470 enimsi
563 1396 700 1471 scirent
728 1393 945 1471 cedentibus
976 1396 1099 1494 parci,
1129 1409 1384 1496 repugnantes
1403 1419 1465 1470 oc-

76 1516 174 1609 cidi,
214 1518 343 1615 fugam
379 1545 509 1618 pugna
545 1519 732 1594 utiliorem
770 1519 841 1593 sibi
878 1520 1130 1596 arbitraturos.
1179 1518 1462 1613 (Plutarch.

75 1637 628 1742 Apophthegm.Lacon.
647 1644 809 1746 Lycurg.
829 1643 891 1719 30.
911 1672 948 1745 p.
968 1643 1081 1738 229.)

662 1852 739 1936 Ad
767 1854 874 1936 551.

180 2017 367 2120 Tempore
386 2019 581 2100 Aeschinis
594 2022 676 2123 jam
694 2021 863 2098 obsoleta
880 2023 952 2099 lex.

662 2232 738 2314 Ad
758 2233 874 2314 555.

180 2393 289 2496 Apud
304 2399 619 2475 Lacedaemonios
640 2402 701 2499 qui
721 2410 869 2474 strenue
890 2413 1121 2499 pugnassent
1140 2412 1177 2474 et
1197 2398 1460 2474 occubuissent

70 2522 170 2597 oliva
190 2537 226 2598 55
245 2524 325 2598 aliis
344 2526 454 2600 ramis
474 2525 652 2616 redimiti,
682 2525 853 2600 laudibus
874 2525 1114 2600 ferebantur:
1144 2524 1206 2622 qui
1228 2550 1317 2598 vero
1338 2522 1454 2598 omni·

69 2645 138 2721 bus
158 2649 319 2722 numeris
348 2651 558 2725 absolutam
587 2651 763 2724 virtutem
791 2650 1083 2749 praestitissent,
1112 2649 1136 2722 ii
1158 2649 1292 2738 etiam,
1320 2648 1458 2747 injecta

67 2771 140 2846 illis
160 2785 263 2849 veste
282 2775 458 2873 punicea,
488 2775 648 2874 gloriose
669 2773 957 2875 sepeliebantur.
986 2772 1193 2867 (delion.
1213 2771 1321 2848 Var.
1346 2771 1456 2846 hist.

69 2895 135 2988 Vl,
157 2897 190 2986 6,
212 2898 268 2988 6.)

175 3022 310 3098 Rhodii
339 3023 604 3117 decreverunt,
635 3053 692 3117 se,
723 3025 784 3124 qui
803 3024 842 3098 in
861 3024 961 3098 bello
979 3025 1232 3123 oppetissent,
1262 3022 1456 3123 sepultura

67 3147 216 3247 publica
234 3145 514 3239 honestaturos,
546 3166 791 3248 parentesque
818 3173 861 3222 ac
880 3148 1018 3223 liberos
1036 3150 1167 3224 aerarii
1187 3132 1367 3248 impensis
1387 3147 1453 3222 ali·

66 3283 189 3364 turos,
220 3285 257 3347 et
284 3273 489 3368 virginibus
518 3272 643 3349 dotem
671 3286 890 3369 erogaturos
919 3299 938 3346 5
967 3272 1138 3372 publico,
1180 3272 1349 3371 filiosque
1372 3274 1454 3373 jam

66 3395 209 3471 adultos
236 3397 532 3473 Bacchanalibus
560 3399 599 3474 in
627 3399 772 3475 theatro
801 3399 950 3497 integra
981 3409 1169 3474 arctatura
1196 3409 1453 3474 coronaturos.

66 3521 548 3618 (Diodorunsna)

650 3626 727 3709 Au
746 3628 863 3708 555.

172 3792 455 3864 Πεντακοσίων
473 3793 591 3887 adJ'eei
611 3818 630 3868 e
651 3793 823 3882 Polluce,
852 3793 915 3892 qui
936 3791 1061 3886 (VIII,
1084 3792 1183 3886 123)
1203 3795 1296 3869 haec
1315 3792 1450 3866 habet:

57 3902 115 3984 ‘H
133 3904 263 4002 ἧλιαία
283 3910 321 3988 δὲ
341 3919 625 3989 πεντακοσίων·
645 3918 682 3988 εἰ
700 3913 738 3989 δέ
752 3920 896 4009 χιλίων
917 3912 995 3988 δέοι
1016 3912 1222 4004 δικαστῶν,
1243 3917 1450 3989 συνίστατο

63 4033 134 4110 δύο
154 4034 396 4138 δικαστήρια·
425 4043 462 4114 εἰ
479 4038 517 4115 δέ
538 4046 805 4116 πεντακοσίων
824 4047 893 4114 καί
907 4045 1072 4135 χιλίων,
1103 4043 1202 4136 τρία.

170 4165 293 4242 Schol.
313 4169 352 4244 in
370 4169 561 4245 Demosth.
582 4170 781 4245 Timocrat.
802 4169 891 4258 702,
912 4170 978 4243 24:
994 4162 1065 4241 Ἐν
1084 4177 1164 4252 τοῖς
1178 4162 1361 4268 μεγάλοις
1380 4171 1450 4238 καί

62 4288 382 4386 ἐσπουδασμένοις
411 4290 602 4395 πράγμασι
631 4289 870 4390 συνήρχοντο
890 4298 936 4366 ἐκ
957 4290 1027 4367 δύο
1048 4291 1324 4388 δικαστηρίων,
1354 4297 1449 4381 πλο-

61 4414 218 4513 ροῦντες
238 4412 410 4515 ἀριθμὸν
423 4423 566 4513 χιλίων
585 4425 654 4492 καί
674 4416 768 4504 ἑνός.
799 4415 871 4493 Arci
891 4415 1010 4492 τοῦτο
1031 4415 1068 4491 δὲ
1090 4409 1111 4492 ὅ
1132 4415 1184 4504 εἷς
1203 4421 1448 4513 προςιτίθετο

61 4537 121 4615 ἀεὶ
140 4551 219 4627 τοῖς
244 4539 461 4631 δικασταῖς,
491 4546 556 4616 ἵνα
583 4540 638 4640 μή
669 4542 762 4617 ἴσων
791 4548 1010 4644 γενομένων
1036 4541 1115 4616 τῶν
1143 4540 1289 4642 ψήφων
1308 4549 1347 4632 ἐξ
1368 4542 1448 4632 ἴσης

62 4661 287 4740 ἀπέλθωσιν
306 4669 342 4740 οἱ
372 4664 643 4765 δικαζόμενοι,
673 4663 756 4742 ἀλλ’
776 4672 924 4752 ἐκεῖνος
949 4665 1040 4763 δόξῃ
1061 4667 1199 4767 νικᾷν,
1231 4656 1332 4767 ᾧᾶν
1352 4660 1374 4744 d
1396 4665 1447 4753 οἷς

62 4790 261 4887 προςτεθῂ.
300 4798 364 4886 (ln
392 4797 520 4893 magni
545 4798 723 4873 momenti
742 4796 904 4894 negotiis
922 4797 1172 4872 conveniebat
1191 4824 1210 4873 e
1231 4797 1373 4872 duobus
1393 4796 1445 4870 di-

60 4921 225 4996 casteriis
254 4919 351 4995 mille
381 4932 418 4995 55
443 4949 547 4997 unus.
584 4923 675 4999 ldeo
704 4937 828 4997 autem
856 4922 1062 4997 addebatur
1090 4947 1237 5022 semper
1256 4921 1446 5024 judicibus

60 5071 177 5131 unus,
207 5072 253 5118 ne
279 5044 423 5143 aequali
453 5047 674 5124 calculorum
701 5074 855 5123 numero
876 5049 1064 5144 litigantes
1084 5049 1229 5146 aequali
1250 5046 1360 5121 modo
1380 5045 1443 5118 ab·

59 5171 166 5264 irent,
187 5171 251 5246 sed
271 5171 332 5245 ille
352 5170 540 5247 videretur
558 5174 720 5268 vinomo,
740 5174 798 5251 cui
817 5171 1102 5250 illeunussuum
1122 5172 1265 5250 dederit
1284 5175 1445 5264 votum.)
