3436 5790
639 449 916 502 osuoucrsrro.
1389 424 1461 501 001

77 643 196 719 Facto
215 655 342 719 alutem
360 642 503 743 jndicio
523 643 560 718 in
581 651 798 733 senatu,·'st
817 640 962 741 utrique
983 640 1072 736 dota
1091 640 1237 718 dicendi
1258 651 1465 742 potestate,

79 768 227 844 occulte
248 769 426 869 suffragia
445 769 572 846 ferunt
597 777 801 860 senatores,
820 793 868 841 an
889 781 1084 842 occursator
1103 767 1241 866 injuste
1260 767 1393 842 fecisse
1413 766 1466 840 vi-

78 893 226 969 deatnn·
261 895 311 969 Et
329 905 417 970 tamo
436 893 604 971 decernit
621 903 793 986 senatuis,
822 904 947 970 utrum
975 917 1060 966 eum
1084 891 1226 992 judicio
1247 891 1390 986 tradat,
1419 917 1469 968 an

77 1018 295 1120 quingentis
314 1019 496 1096 drachmis
515 1021 687 1113 mulctet,
719 1018 847 1119 quanti
867 1028 1091 1117 potestatem
1110 1016 1263 1094 habete
1283 1020 1379 1116 lege.

731 1180 821 1256 806.

182 1313 345 1397 Ὃττὸσσι
370 1319 599 1413 Ἀθηναίων
627 1329 715 1396 κατ’
746 1324 992 1424 εἰσαγγελίαν
1020 1329 1067 1396 ἐκ
1094 1320 1159 1412 τῆς
1185 1322 1329 1420 βουλῆς
1351 1315 1373 1412 ii
1393 1319 1469 1396 νῦιί

80 1452 181 1523 εἰσιν
200 1454 242 1524 ἰν
262 1450 313 1554 τῶ
334 1446 573 1548 δεσμωτηρίῳ
585 1506 595 1539 ,
628 1443 650 1538 ἢ
674 1445 717 1522 τὸ
738 1444 880 1522 λσιιιόν
898 1447 1165 1536 κατατεθῶσι,
1196 1442 1468 1545 παραδεδόσθω

82 1565 104 1662 ἦ
125 1570 367 1679 κατάγνωσις
395 1569 529 1648 αὐτῶν
556 1583 635 1661 τοῖς
665 1577 920 1670 θεσμοθέταις
939 1562 1017 1647 dno·
1039 1571 1110 1646 τοῦ
1130 1577 1378 1675 γραμματέως
1396 1569 1472 1647 τοῦ

82 1696 185 1772 κατσί
200 1681 443 1796 ’πρυτανείαν
460 1696 561 1773 κατὰ
582 1695 653 1774 τὸν
670 1693 965 1802 εἰσαγγελτικὸν
984 1692 1117 1793 νόμον.

748 1825 956 1921 (Demosth.
978 1851 1008 1900 c.
1030 1824 1231 1902 Timocrat.
1253 1825 1363 1918 720.)

735 1989 823 2063 εοε.
1353 1957 1356 1961 ’

192 2114 264 2207 Qui
285 2113 569 2191 Atheniensium
589 2142 608 2190 e
629 2114 916 2191 denunciatione
937 2142 959 2189 a
978 2126 1109 2190 senatu
1129 2122 1194 2189 aut
1212 2138 1313 2189 nunc
1331 2113 1371 2188 in
1391 2137 1471 2188 car·

85 2266 168 2315 cere
188 2252 274 2316 sunt
293 2241 414 2316 autin
433 2254 623 2341 posterum
645 2266 689 2314 eo
715 2240 981 2342 conjicientur,
1012 2267 1139 2316 eorum
1158 2240 1324 2336 cognitio
1344 2266 1368 2315 a
1385 2240 1472 2315 scri·

87 2367 134 2441 ba
152 2364 350 2468 prytaniae
371 2365 629 2442 thesmothetis
649 2393 668 2440 e
689 2365 987 2441 denunciationis
1007 2367 1090 2464 lege
1111 2366 1287 2442 tradatur.

735 2527 824 2603 807.

198 2655 270 2725 Καὶ
289 2656 332 2726 ἑν
351 2652 397 2746 τη
416 2652 534 2749 κυρίᾳ
553 2647 631 2724 τῶν
650 2648 867 2739 ἐκκλησιῶν
886 2645 952 2734 τῶς
980 2651 1218 2752 εἰσαγγελίας
1238 2638 1258 2722 ὁ
1279 2643 1473 2745 βουλόμε-

90 2804 155 2861 νος
175 2777 416 2878 εἰσαγγέλλει.
736 2884 815 2960 807
980 2777 1136 2869 (Pollux
1157 2776 1262 2871 VIII,
1283 2777 1367 2867 05.)

196 3013 319 3088 Etiam
337 3011 573 3090 inconcione
593 3012 789 3113 principali
818 3011 1110 3089 denuntiationis
1139 3034 1290 3103 causas,
1320 2998 1473 3110 quicun-

88 3163 161 3236 que
181 3138 359 3233 voluerit,
378 3137 529 3241 :deferre
547 3149 681 3239 potest.
738 3242 817 3317 808

200 3370 245 3443 Oi
258 3373 490 3465 θεσμοθέται
511 3363 576 3452 τάς
596 3370 834 3471 εἰσαγγελίας
849 3370 1162 3469 εἰσαγγέλλουσιν
1181 3371 1233 3452 εἰςΙ
1255 3361 1324 3440 τὸν
1344 3363 1475 3463 δῆμον.

738 3604 816 3678 808
988 3496 1140 3589 (Pollux
1161 3494 1264 3589 VIII,
1284 3494 1368 3586 87.)

197 3730 488 3806 Thesmothetae
510 3729 802 3805 denuntiationis
822 3755 954 3804 causas
974 3728 1148 3805 deserunt
1166 3728 1213 3804 ad
1233 3728 1424 3828 populum.

197 4020 473 4114 Κρινέσθωσαν
491 4022 536 4090 ἰν
553 4015 607 4114 τῷ
629 4012 735 4114 δήμῳ
764 4017 801 4093 οἱ
830 4018 1140 4117 εἰσαγγελθέντες
1168 4009 1271 4085 κατὰ
1296 4019 1364 4087 ἕνα
1383 4019 1477 4088 ἕκα-

95 4164 177 4228 στος
196 4138 431 4240 διῃρημένων
455 4140 518 4231 της
540 4132 676 4240 ἡμέρας
694 4139 811 4238 τριῶν
828 4139 972 4240 μερῶν,
994 4135 1081 4226 ἑνὸς
1093 4142 1168 4237 μὲν
1186 4145 1229 4212 ἐν
1247 4126 1279 4236 ᾧ
1299 4142 1476 4242 ξυλλέγε-

94 4271 184 4351 σθαι
204 4262 263 4340 δεῖ
288 4262 360 4342 τὸν
384 4265 509 4364 δῆμον
532 4273 602 4341 καί
631 4263 961 4365 διαψηφίζεσθαι,
991 4262 1116 4340 ἐάντε
1137 4261 1288 4338 ἀδικεῖν
1308 4261 1479 4340 δοκῶσιν

94 4388 161 4466 ἰάν
179 4422 217 4468 τε
232 4390 309 4490 μη,
339 4397 469 4492 ἑτέρου
489 4390 523 4466 δ’
543 4399 586 4468 ἐν
605 4380 636 4494 ᾧ
655 4389 936 4494 κατηγορῆσαι,
967 4395 1093 4488 ἑτέρου
1113 4386 1147 4462 δ’
1167 4396 1210 4465 ἰν
1229 4377 1262 4488 qi
1281 4385 1478 4496 ἀπολογη-

95 4522 252 4608 σασθαι,
678 4519 913 4620 (Xenophon
932 4518 1015 4593 hist.
1035 4543 1158 4616 graec.
1179 4519 1208 4612 I,
1229 4518 1264 4612 7,
1287 4517 1370 4613 23.)

176 4665 177 4669 '
739 4682 828 4761 800.

197 4807 424 4888 dedicentur
442 4836 465 4888 c
483 4811 624 4913 populo
643 4809 781 4908 singuli
800 4809 1097 4887 denunciationis
1125 4833 1238 4885 causa
1265 4809 1393 4909 petiti,
1425 4810 1477 4886 di·

96 4932 180 5009 visis
199 4933 273 5010 diei
292 4936 411 5013 tribus
430 4937 620 5040 partibus:
644 4962 802 5036 quarum
821 4962 897 5012 una
915 4933 1077 5036 populus
1095 4935 1316 5026 conveniat,
1336 4961 1478 5037 perque

97 5057 256 5137 ccloulos
283 5063 455 5162 indaget,
483 5064 608 5141 sintne
637 5071 765 5141 sontes
792 5087 932 5160 necne3
969 5062 1089 5140 ultera
1116 5085 1207 5139 vero
1236 5072 1478 5158 accusentur,

97 5186 204 5263 tertia
220 5212 302 5267 sese
321 5187 535 5267 defendant
