3436 5790
709 410 1021 481 surmcruours.
1475 388 1553 468 stt

809 605 921 681 1286.

277 748 485 852 Pylagorae
516 761 602 827 sunt
630 761 795 826 oratores
823 774 847 824 a
874 748 1086 827 civitatibus
1113 751 1160 828 ad
1179 749 1374 828 concilium
1394 748 1548 854 Amphi-

171 887 349 977 ctyonum
369 878 491 973 missi,
522 889 563 952 ut
581 875 632 952 ibi
651 873 769 951 verba
787 875 964 953 facerent.

807 1037 919 1113 1287:

270 1174 485 1271 Ἐκκλησία
510 1176 591 1252 τῶν
612 1173 918 1276 Ἀμφικτυόνων
946 1173 1199 1277 ὀνομάζεται,
1230 1174 1327 1255 ὅταν
1349 1177 1549 1279 μὴμόνον

169 1300 257 1392 τούς
277 1300 516 1408 πυλαγόρους
535 1308 603 1380 καὶ
620 1299 713 1389 τους
732 1300 1007 1404 ἱερομνήμονας
1026 1310 1332 1407 συγκαλὲσωσιν,
1363 1301 1459 1381 ἀλλὰ
1480 1312 1548 1383 καὶ

169 1426 257 1517 πούς
276 1427 522 1516 συνθύοντας
541 1435 609 1505 καί
624 1434 846 1529 χρωμένους
864 1429 919 1530 τῷ
940 1429 1030 1531 θεῷ.

724 1558 949 1652 (Aeschines
969 1560 1007 1635 in
1025 1558 1258 1662 Ctesiphont.
1279 1557 1313 1662 ξ.
1335 1562 1442 1653 124.)
1522 1588 1525 1593 ’

804 1720 917 1795 1287.

274 1861 415 1942 Οοοοὶο
435 1861 753 1968 Amphictyonum
776 1864 1009 1957 nominatur,
1035 1863 1182 1963 quando
1207 1890 1284 1940 non
1303 1865 1424 1941 solum
1441 1866 1548 1966 pyla-

166 2014 281 2089 gorae
303 2002 340 2066 et
358 1989 681 2069 hieromnemcnes
701 2000 974 2083 convocantur,
1002 1989 1068 2065 sed
1087 1991 1113 2064 ii
1131 1990 1263 2085 etiam,
1292 1990 1355 2090 qui
1374 2016 1481 2067 sacra
1499 1992 1545 2066 si-

166 2117 243 2191 mul
262 2116 424 2210 faciunt,
452 2118 589 2217 quique
609 2115 798 2191 oraculum
819 2114 878 2193 dei
897 2114 1047 2192 adeunt.

803 2277 918 2352 1288:

274 2422 320 2495 Oi
345 2414 655 2517 Ἀμφικτύονες,
686 2415 787 2515 ἱερᾶς
814 2416 879 2507 τῆς
909 2419 1071 2514 θεωρίας
1100 2408 1238 2507 οιλσης,
1270 2413 1361 2501 τούς
1375 2419 1450 2515 μὲν
1468 2446 1547 2511 ‹pv-

166 2543 233 2647 γῇ,
263 2540 355 2631 τούς
374 2541 412 2620 δὲ
434 2540 594 2643 θανάτῳ
612 2542 690 2620 τῶν
710 2541 860 2647 ἐναγῶν
881 2541 1066 2642 ζημιοῦσι.

774 2672 984 2766 (Plutarch.
1004 2682 1145 2772 quaest.
1164 2696 1332 2771 graecae.
1354 2674 1437 2763 59.)

803 2833 928 2909 1288.ι

271 2977 566 3082 Amphictyones
577 2988 744 3080 tempore
758 2989 1016 3056 sacrosanctae
1035 2977 1222 3055 missionis
1240 2978 1440 3055 sceleratos
1459 3004 1544 3079 par·
1600 3000 1606 3027 ··

164 3104 229 3180 tim
249 3105 359 3182 exilio
379 3106 512 3208 purtim
532 3117 647 3183 morte
667 3105 836 3205 puniunt.

164 3406 167 3410 ’
271 3389 318 3463 Oi
336 3386 428 3487 πρὸς
445 3385 491 3466 τὸ
511 3385 616 3488 ἱερὸν
632 3384 677 3464 τὸ
693 3394 736 3465 ἐν
746 3391 910 3484 Δελφοῖς
928 3378 1213 3486 ἁμαρτάνοντες
1232 3385 1335 3462 κατὰ
1354 3383 1433 3464 coir
1446 3391 1544 3464 ψαι-

166 3509 329 3614 δριοίδων
348 3514 494 3614 πετρῶν
512 3510 723 3594 ὠθοῦνται.

656 3625 799 3720 (Schol.
818 3627 857 3701 in
878 3624 1051 3707 Aeschin,
1071 3624 1304 3726 Ctesiphont.
1327 3626 1437 3721 112.)

800 3788 817 3864 1
878 3792 913 3866 9.

267 3915 341 4010 Qui
370 3925 498 3992 contra
524 3940 669 3993 sacrum
697 3792 920 4020 Delphicam
949 3912 1192 4018 delinquunt,
1227 3913 1273 3991 de
1303 3938 1395 4014 rupe
1423 3911 1542 3988 Phae·

163 4035 329 4118 triadum
348 4042 649 4143 praecipitantur.
799 4150 900 4227 1290

269 4268 370 4360 Τούς
392 4265 691 4372 Ἀμφικτύονας
728 4278 909 4373 πολεμεῖν
942 4276 1140 4375 Κιρραίοις
1175 4277 1246 4350 καὶ
1282 4268 1541 4378 Κραγαλίδαις

160 4399 223 4492 [οδ
238 4399 291 4485 εἰς
308 4394 353 4474 τὸ
373 4396 478 4500 ἱερὸν
504 4395 549 4475 τὸ
579 4405 622 4475 ἐν
640 4403 802 4495 Δελφοῖς
825 4396 896 4475 καί
923 4397 970 4474 τοί
1000 4396 1243 4500 ἀναθήματα
1260 4395 1446 4499 ἠσέβουν,
1476 4407 1539 4492 ἐξ·

161 4520 379 4625 ημᾶρπανον
406 4522 445 4599 δὲ
471 4529 540 4599 καὶ
568 4527 620 4610 εἰς
646 4521 738 4612 τούς
761 4521 1080 4625 Ἀμφικτύονας)
1100 4523 1211 4601 πάντ’
1231 4519 1357 4625 ἤματα
1377 4531 1446 4601 καί
1466 4525 1540 4600 πά-

160 4676 225 4739 σας
244 4646 408 4740 νύκτας,
437 4656 505 4724 καί
534 4647 606 4741 τήν
627 4646 764 4750 χώραν
792 4647 924 4727 αὐτῶν
952 4650 1269 4751 ἐκπορθήσαντας
1297 4658 1366 4727 καὶ
1396 4648 1540 4740 αὐτους

159 4772 559 4876 ἀνδραποδισαμένους
579 4773 786 4851 ἀναθεῖναι
807 4777 862 4876 τῷ
875 4774 1095 4853 Ἀπόλλωνι
1114 4777 1168 4878 τῷ
1190 4783 1339 4879 Πυθίῳ
1360 4785 1429 4854 καὶ
1444 4775 1539 4880 Ἀρ-

158 4899 276 4999 ιίμιδι
297 4907 365 4976 καὶ
384 4908 508 4994 Λητοῖ
524 4907 593 4977 ιιαί
616 4899 772 5002 Ἀθηνηῖ
782 4907 965 5002 Προναίᾳ
984 4908 1046 4978 ἐπὶ
1066 4900 1166 5000 πάσῃ
1184 4900 1333 5009 ἀεργίᾳ,
1353 4911 1422 4979 καί
1442 4902 1538 4979 παύ-

159 5055 224 5119 ιην
242 5024 314 5119 την
327 5026 465 5126 χώραν
478 5024 567 5125 μήτ’
586 5022 730 5116 αὐτούς
749 5026 979 5132 ἐργάζεσθαι
995 5026 1083 5127 μῆν’
1103 5020 1226 5105 ἄλλον
1244 5029 1324 5106 ἐᾶν.

573 5156 797 5251 (Aeschines
815 5157 854 5234 in
875 5155 1110 5258 Ctesiphont.
1132 5152 1165 5258 ξ.
1187 5157 1431 5247 107-108.)
