3404 5782
505 421 815 473 conusursurus
834 417 886 467 no
908 411 988 473 terr.
1010 413 1090 472 rose.
1113 414 1191 471 raes.
1461 398 1536 475 dol

152 612 264 690 modo
284 615 470 691 restitutit.
511 610 632 689 Arum
652 636 741 687 vero
760 610 844 686 ideo
868 611 992 711 posuit
1010 612 1048 686 in
1068 611 1199 688 ordine
1220 611 1435 691 elocutionis
1454 625 1540 694 ente

152 739 329 833 fratrem,
359 739 445 840 quia
464 739 559 816 forte
580 736 715 813 seniori
732 735 818 837 plus
837 736 1075 813 tribuendum
1096 737 1245 837 putavit
1264 763 1373 838 quam
1387 741 1540 843 juniori.

261 879 621 959 Cf.Hermannii
635 880 730 983 juris
751 879 945 956 domestici
965 889 1003 955 et
1022 880 1215 958 familiaris
1234 882 1334 982 apud
1345 883 1542 962 Platonem

153 1007 191 1083 in
212 1007 375 1109 Legibus
394 1034 477 1083 cum
497 1006 632 1083 veteris
653 1004 834 1083 Graeciae
863 1006 976 1108 inque
998 1006 1126 1107 primis
1148 1005 1376 1084 Athenarum
1395 1008 1540 1087 institu-

153 1135 200 1210 tis
221 1134 546 1236 comparationem.
576 1132 789 1235 (Marburgi
813 1131 948 1224 1836.)

260 1257 372 1360 Apud
391 1257 709 1336 Lacedaemonios
738 1259 835 1360 patri
864 1255 977 1333 filiam
1005 1269 1248 1358 paternorum
1272 1259 1458 1336 bonorum
1478 1258 1541 1337 he-

156 1385 282 1462 redem
301 1384 484 1475 futuram,
513 1384 667 1461 cuilibet
695 1386 733 1459 in
762 1385 1035 1462 matrimonium
1064 1383 1249 1460 collocare
1268 1382 1425 1479 licebat;
1455 1393 1492 1460 et
1510 1384 1541 1461 si

154 1524 260 1612 pater
277 1522 446 1588 mortuus
466 1511 598 1589 fuisset
616 1513 833 1605 intestatus,
864 1521 928 1588 eut
948 1537 1024 1587 non
1043 1511 1288 1613 expressisset
1307 1519 1541 1603 testamento,

154 1638 211 1712 oui
233 1635 347 1713 filiam
367 1662 474 1712 suam
498 1635 684 1714 collocare
714 1636 847 1732 vellet,
878 1661 991 1736 quem
1018 1633 1190 1712 heredem
1220 1634 1448 1736 reliquisset,
1480 1633 1542 1712 hio

153 1761 212 1837 oui
231 1761 345 1838 vellet
364 1761 586 1838 collocabat.
616 1759 893 1855 (Aristotel.
921 1761 1065 1836 Polit.
1086 1761 1134 1855 II,
1156 1761 1191 1854 6,
1217 1760 1299 1853 ll.)

259 1886 287 1962 J
290 1885 491 1964 udioabant
509 1914 599 1965 vero
619 1912 727 1988 reges
747 1887 793 1964 de
808 1887 955 1985 virgine
975 1897 1217 1989 paternorum
1237 1886 1402 1965 omnium
1420 1886 1540 1963 bono-

152 2037 235 2088 rum
254 2010 411 2106 herede,
442 2013 500 2089 oui
519 2012 585 2090 illa
603 2012 744 2089 nubere
764 2012 938 2105 deberet,
968 2012 1037 2088 nisi
1060 2013 1144 2114 jam
1161 2037 1184 2089 a
1203 2022 1310 2113 patre
1329 2012 1460 2090 fuisset
1476 2010 1538 2089 de·
1641 2050 1643 2054 ·

152 2148 339 2237 sponsata.
370 2138 624 2232 (Herodot.
645 2135 711 2230 VI,
732 2137 815 2229 57.)

731 2343 808 2430 Au
825 2348 970 2429 1³40.

259 2514 452 2591 Demosth.
472 2515 511 2590 in
532 2515 725 2591 Neaeram.
748 2512 873 2587 1386:
907 2505 961 2583 Τὸ
991 2519 1190 2585 συνοικεῖν
1215 2508 1322 2584 τοῦτ’
1342 2514 1468 2602 ἐστὶν,
1499 2503 1542 2600 δς

153 2633 203 2714 δν
232 2633 501 2726 παιδοποιῆται
533 2639 602 2710 καὶ
630 2630 764 2739 εἰσάγῃ
793 2633 848 2722 εἲς
874 2664 914 2710 τε
942 2630 1035 2722 τούς
1063 2631 1259 2733 φράτορας
1287 2639 1356 2710 καὶ
1377 2633 1542 2734 δημότας

152 2757 244 2850 τούς
263 2764 374 2851 υἱεῖς,
404 2763 473 2835 καὶ
500 2755 568 2844 τοὶς
599 2765 813 2862 θυγατέρας
841 2756 983 2860 ἐκδιδῷ
1013 2752 1063 2848 ὦς
1083 2753 1208 2837 αὑτοῦ
1231 2752 1350 2849 οὔσας
1368 2771 1448 2848 τοῖς
1467 2758 1541 2838 ἆν-

154 2886 297 2988 δρὰοιιι.
329 2883 406 2973 Τάς
424 2882 498 2990 γὰρ
517 2894 706 2990 γυναῖκας
727 2885 868 2985 ἔχομεν
886 2891 1000 2961 ἕνεκα
1019 2885 1091 2961 τοῦ
1112 2883 1426 2962 παιδοποιεῖσθαι
1444 2914 1542 2990 γνη-

154 3019 241 3101 σίως
268 3017 338 3088 καὶ
366 3012 445 3087 τῶν
473 3008 590 3087 ἔνδον
609 3011 772 3106 φύλακα
792 3007 929 3101 πιστὴν
948 3013 1064 3109 ἔχειν.
1103 3015 1272 3109 (Habere
1291 3014 1331 3090 in
1349 3016 1540 3094 matrim0.

153 3145 215 3222 nio
235 3145 307 3219 hoc
326 3154 401 3235 est,
430 3142 460 3218 si
480 3142 561 3243 quie
592 3142 729 3219 liberos
749 3142 904 3243 suscipit
923 3155 959 3218 et
978 3169 1091 3242 quum
1111 3142 1158 3219 ad
1178 3142 1375 3244 phratoras
1394 3151 1474 3217 tum
1493 3140 1542 3218 ad

154 3271 320 3346 demotus
338 3268 540 3344 introducit
559 3266 676 3359 filios,
705 3279 743 3343 et
760 3268 856 3343 filias
876 3293 944 3368 pro
963 3269 1039 3343 suis
1057 3278 1218 3368 nuptum
1236 3268 1367 3343 elooat
1397 3266 1543 3344 Uxores

153 3398 252 3470 enim
281 3393 458 3469 habemus
487 3403 642 3494 propter
668 3392 854 3490 ingenuos
883 3391 1021 3467 liberos
1050 3392 1307 3495 suscipiendos
1336 3402 1373 3467 et
1392 3391 1542 3468 fidelem

155 3521 206 3597 rei
226 3519 416 3596 familiaris
436 3516 673 3608 custodiam.)

262 3643 523 3723 Aristotel.
552 3641 707 3717 Ethio.
738 3640 919 3717 Nicom.
949 3637 1054 3734 VIII,
1087 3640 1146 3736 12,
1176 3640 1221 3714 7:
1254 3640 1435 3718 Homines
1463 3666 1540 3716 non

154 3769 272 3848 solum
293 3768 340 3846 ad
359 3767 611 3870 procreandos
628 3766 767 3842 liberos
796 3765 983 3841 communi
1007 3766 1118 3843 domo
1136 3775 1312 3861 utuntur,
1342 3765 1541 3842 sedetiam

154 3908 194 3973 ut
213 3922 342 3972 eorum
361 3919 455 3995 quae
474 3894 522 3970 ad
541 3894 657 3970 vitam
675 3892 884 3993 pertinent,
914 3893 1094 3993 majorem
1123 3890 1288 3969 habeant
1315 3890 1540 3969 facrrltatem.

155 4022 287 4099 Statim
307 4021 406 4097 enim
425 4017 610 4121 descripta
628 4043 672 4094 ac
691 4015 810 4094 divisa
828 4026 915 4092 sunt
939 4041 1068 4094 eorum
1096 4016 1238 4112 officia,
1267 4017 1436 4118 aliaeque
1455 4026 1542 4092 sunt

155 4149 245 4241 viri,
272 4145 366 4222 aliae
396 4146 522 4224 uxoris
551 4156 686 4246 partes.
724 4143 937 4221 Insarviuut
956 4143 1070 4242 igitur
1088 4144 1327 4240 alteralteri,
1356 4168 1424 4219 eua
1441 4153 1538 4220 uter·

154 4300 225 4376 que
245 4277 283 4348 in
302 4296 497 4350 commune
516 4270 760 4348 conferentes.

736 4479 813 4562 Ad
830 4480 964 4564 1³51.

259 4651 368 4748 Diog.
390 4651 511 4726 Laert.
532 4648 621 4724 dicit
648 4647 787 4724 ibidem
815 4646 1005 4723 decretum
1033 4646 1105 4722 hoc
1129 4648 1256 4723 tulisse
1277 4646 1537 4738 Athenienses,

154 4806 267 4881 quum
287 4776 394 4852 bellis
414 4802 457 4850 ao
477 4776 536 4849 lue
555 4774 699 4850 civibus
714 4774 933 4851 exhaustam
953 4774 1141 4850 civitatem
1160 4799 1334 4876 reparare
1353 4772 1538 4850 sobolem·

153 4933 223 5008 que
245 4905 406 4981 excitare
425 4902 574 4978 vellent.

260 5046 373 5150 Apud
403 5046 719 5122 Lacedaemonios
746 5047 941 5147 Lycurgus
969 5045 1135 5149 permisit
1163 5047 1263 5140 sani,
1292 5043 1355 5144 qui
1382 5066 1537 5119 uxorem

148 5178 326 5289 juvenem
346 5173 528 5265 habebat,
548 5172 578 5248 si
600 5198 711 5281 quem
729 5171 974 5257 honestorum
991 5196 1037 5253 ao
1053 5171 1124 5251 vii*
1156 5182 1163 5192 ’
1300 5166 1463 5249 'litorum
1475 5167 1537 5271 ju.
