3436 5790
192 376 273 452 996
742 395 805 447 rus
823 391 1031 444 rusmcnu.

91 692 94 697 ἱ
194 593 293 669 cium
311 592 337 668 J
340 591 420 667 ovis
441 590 670 683 Servatoris,
700 586 829 679 Pacis,
852 584 963 659 Jovis
983 582 1192 681 Ammonii,
1213 583 1577 679 Panathenaeorum,

193 716 339 795 Cereris
357 726 395 792 et
414 715 663 817 Proserpinae
683 711 854 790 Scientis.

796 989 970 1081 Mr'poca'.

467 1119 713 1211 ίΙρόσοδος
741 1111 827 1185 eisd
860 1110 947 1182 τῶν
977 1116 1303 1207 δικαστηρίων.
1406 1167 1408 1171 ,

811 1353 909 1418 Pars
933 1354 963 1416 5.

652 1471 1118 1566 Reditusojudiciis.
1206 1567 1209 1577 ,

842 1660 932 1738 895.

292 1798 403 1878 ’Ἐστι
428 1834 484 1889 τις
514 1801 699 1900 πρόσοδος
729 1798 805 1876 ἀπὸ
834 1798 912 1877 τῶν
939 1798 1218 1898 δικαστηρίων,
1248 1797 1312 1875 οἷα
1343 1792 1364 1892 ἦ
1395 1797 1473 1876 ἀπὸ
1501 1803 1581 1878 τῶν
1611 1792 1615 1801 ”

195 1929 356 2034 γραφῶν
386 1926 643 2027 δωροδοκίας,
682 1922 847 2028 ὕβρεως,
886 1931 1171 2023 συκοφαντίας,
1196 1929 1397 2025 μοιχείας,
1430 1926 1580 2027 φευδο-

197 2058 361 2160 γραφίας
380 2058 434 2148 l),
455 2057 779 2153 παραπρεσβείας,
799 2057 1098 2154 λειποστρατίου.
1119 2056 1196 2126 Καί
1215 2048 1261 2127 τὰ
1282 2057 1329 2128 ἐκ
1346 2051 1426 2128 τῶν
1443 2051 1580 2128 τοιού-

196 2209 274 2256 των
292 2175 482 2278 ἀφορμῶν
494 2179 672 2280 χρήματα
691 2181 736 2280 τῇ
757 2178 862 2255 πόλει
882 2176 1043 2255 δίδοται.

849 2308 992 2403 (Schol.
1011 2310 1052 2386 in
1070 2307 1279 2409 Thucydid,
1299 2306 1363 2404 VI,
1384 2309 1470 2401 91.)

843 2464 932 2548 895.

301 2598 456 2674 Reditus
481 2598 661 2698 quosdam
690 2599 874 2699 praebent
894 2597 1054 2698 judicia,
1084 2607 1126 2671 ut
1144 2596 1309 2672 actiones
1322 2599 1580 2698 'corruptionis

196 2751 264 2827 per
278 2722 607 2823 dona,inju1iae,
637 2723 888 2800 calumniosae
909 2722 1126 2814 delationis,
1158 2720 1349 2813 adulterii,
1381 2724 1580 2801 ementitae

195 2850 465 2953 inscriptionis,
485 2850 583 2927 mala
603 2850 675 2926 lide
692 2863 823 2948 gestae
843 2851 1052 2950 legationis,
1072 2850 1225 2927 militiae
1244 2847 1477 2928 desertionis.
1508 2848 1580 2926 Pe·

197 2978 327 3055 cuniae
348 3003 394 3052 ex
412 2973 470 3051 his
490 2976 609 3053 causis
628 2988 731 3055 ortae
752 2978 893 3054 cedunt
910 2976 1063 3054 civitati.

849 3139 939 3214 896.

298 3270 467 3375 Ὁμοίως
487 3285 556 3354 καί
575 3276 621 3354 τοί
643 3290 872 3377 πρυτανεῖα,
901 3271 923 3370 ἦ
954 3277 1304 3377 παρακατάστασις,
1336 3269 1356 3369 ἢ
1384 3273 1581 3376 παράστα-

198 3430 253 3494 σις
262 3463 273 3496 ,
305 3397 325 3494 ἧ
346 3401 649 3504 παρακαταβολη
670 3409 739 3479 καί
758 3401 804 3481 τοὶ
825 3402 1072 3503 δημιόπρατα.

304 3532 421 3628 (Vide
441 3529 499 3634 §§.
519 3535 617 3630 649,
638 3534 737 3630 650,
758 3533 854 3628 651,
875 3533 974 3628 652,
995 3531 1093 3627 653,
1115 3532 1203 3606 654.
1233 3530 1473 3633 Aristophan.

1226 3657 1342 3759 Vesp.
1360 3656 1474 3753 656.)

842 3768 931 3843 896.

305 3888 425 3966 Simili
443 3892 554 3968 modo
574 3901 612 3968 et
630 3904 924 3986 sacramentum,
953 3891 1184 3993 depositum,
1209 3890 1408 3984 exhibitio,
1427 3890 1582 3990 sponsio

199 4030 236 4092 et
255 4044 349 4120 quae
368 4019 616 4119 publicantur.
848 4121 927 4197 897

310 4260 363 4339 Τὸ
384 4259 498 4364 ἥμισυ
517 4264 588 4342 τοῦ
607 4264 814 4365 τιμήματος
833 4261 1006 4361 ὀφείλειν
1023 4261 1078 4364 τῷ
1098 4261 1267 4364 δημοσίῳ
1287 4255 1328 4351 δς
1346 4257 1398 4341 δν
1417 4260 1510 4381 δόξῃ
1525 4261 1581 4364 μὴ

202 4386 360 4477 δικαίως
378 4395 431 4479 είς
449 4388 521 4482 τήν
540 4397 767 4492 ἐλευθερίαν
785 4388 1008 4488 ἀφελέσθαι.

837 4518 1047 4612 (Demosth.
1068 4545 1098 4595 c.
1119 4518 1318 4596 Theocrin.
1340 4520 1474 4613 1328.)

845 4680 934 4755 897.

310 4803 507 4881 Semissem
536 4804 804 4881 aestimationis
832 4805 968 4883 debeat
995 4808 1139 4884 aerario
1171 4802 1320 4909 publico
1348 4805 1399 4901 is,
1427 4805 1490 4906 qui
1513 4833 1585 4908 per

201 4930 376 5032 injuriam
393 4955 559 5007 asserere
578 4929 617 5006 in
636 4930 849 5008 libertatem
869 4932 1049 5011 videatur.

244 5139 286 5194 *¹
306 5141 406 5221 Forte
427 5132 696 5236 aurorane.
