3436 5790
168 402 246 482 326
717 426 1008 481 rusrurrarcon.

165 620 264 697 Tum
292 621 425 697 hausta
452 617 498 696 de
528 620 633 697 fonte
661 643 777 721 aqua,
806 619 888 722 ipre
918 619 1110 697 columnae
1137 620 1258 699 ablm't
1285 625 1554 719 unguentoque

165 747 258 824 linit.
295 745 388 823 lude
416 756 523 822 tauro
550 746 590 822 in
614 770 748 843 rogum
760 745 953 845 jugulato,
984 744 1155 845 votisque
1174 744 1223 822 ad
1241 744 1379 822 Jovem
1399 753 1437 820 et
1456 743 1554 821 Mer·

166 871 308 949 curium
326 871 488 947 inferum
515 871 644 965 factis,
673 871 791 946 bonos
820 871 919 946 viros
946 896 1016 972 pro
1035 871 1195 950 Graecia
1213 881 1381 948 mortuos
1400 868 1449 948 ad
1468 895 1553 947 coe-

165 1021 252 1073 nam
271 1006 308 1071 et
326 998 551 1096 sanguineae
570 997 722 1077 inferiae
741 1008 860 1073 vocae
898 997 1092 1075 Postremo
1111 1009 1294 1074 crateram
1311 997 1402 1074 vino
1420 997 1554 1097 imple·

165 1135 241 1199 tam
261 1122 478 1217 effundens,
507 1123 708 1223 propinare
727 1147 767 1198 se
786 1122 838 1198 ait
856 1121 945 1198 viris
964 1149 1033 1223 pro
1061 1125 1232 1199 libertate
1251 1121 1434 1200 Graeciae
1453 1147 1554 1199 mor-

165 1260 241 1323 tem
260 1247 394 1347 pacuis,

753 1439 891 1541 Τμῆμα
921 1438 971 1517 δ’.

614 1580 1097 1683 Ἀμφικτυονῖα

780 1745 937 1760 ΝΜῊΜΝΜ

764 1837 890 1916 Sectio
919 1841 954 1915 4.

611 1982 1108 2086 Amphictyonia.

797 2162 912 2239 1276.

108 2296 115 2307 ’
239 2279 560 2385 Ι’.ελμφικτυονιά
597 2283 714 2373 τόπος
751 2292 854 2362 ἐστιν
882 2292 924 2362 ἐν
952 2316 997 2384 τῃ
1021 2279 1180 2362 Ἑλλάδι
1210 2291 1279 2362 καὶ
1305 2280 1450 2361 κοινάν
1475 2282 1553 2362 τοῖν

157 2404 356 2503 Ἑλλήνων
374 2409 635 2512 δικαστήριον.
657 2406 750 2486 Ὅτε
779 2407 854 2514 γάρ
882 2406 1087 2486 ἀδικοῖντο
1114 2441 1215 2497 τινες
1238 2408 1319 2487 τῶν
1340 2404 1551 2504 Ἑλλήνων,

163 2532 324 2614 άπίασιν
351 2544 511 2617 ε’κεῖσεν.
535 2534 648 2612 Ἐκεῖ
673 2531 747 2641 γάρ
775 2532 865 2622 τούς
893 2531 1130 2624 ἀδικοῦντας
1167 2541 1237 2611 καῖ
1272 2532 1552 2636 ἀδικουμένους

157 2658 235 2763 χρὴ
256 2659 497 2754 δικάζεσθαι.
536 2670 612 2737 Καὶ
643 2660 783 2752 πάλιν,
813 2657 876 2738 ὅτε
896 2669 979 2763 περὶ
1006 2661 1149 2740 κοινοῦ
1177 2690 1281 2750 τινος
1308 2667 1551 2753 σκέπτοιντο,

162 2795 282 2863 ἐκεῖσε
300 2770 572 2888 βουλεύονται.

514 2898 723 3000 (Anonymi
742 2923 884 2998 argum.
902 2899 941 2975 in
960 2897 1150 2976 Demosth.
1171 2898 1217 2976 de
1236 2855 1338 3001 pace.
1358 2900 1446 2992 56.)

805 3060 920 3137 1276.

270 3182 561 3287 Amphictyonia
585 3183 691 3262 locus
718 3197 775 3262 est
801 3187 840 3262 in
860 3183 1021 3263 Graecia
1049 3195 1087 3261 et
1104 3211 1298 3262 commune
1318 3185 1552 3265 Graecorum

157 3310 348 3411 judicium.
387 3311 549 3405 Quando
578 3312 679 3389 enim
709 3311 895 3413 aliquibus
923 3312 1058 3412 injuria
1084 3312 1146 3406 fit,
1175 3311 1263 3388 illuc
1282 3339 1322 3389 ee
1340 3312 1550 3389 conferunt

162 3437 242 3514 Illic
262 3437 361 3514 enim
381 3448 418 3513 et
436 3437 509 3512 reis
528 3447 565 3513 et
583 3437 863 3513 accusatoribus
887 3461 999 3512 carrea
1017 3436 1165 3535 agenda
1193 3447 1258 3513 eet.
1296 3437 1377 3515 Illic
1395 3438 1486 3515 item
1505 3438 1551 3515 de

160 3560 272 3639 rebus
290 3561 547 3639 communibus
567 3560 805 3639 deliberatur.

805 3723 917 3801 1277.

272 3843 327 3927 Τά
349 3843 657 3947 Ἀμφικτυόνων
677 3843 850 3944 σύστημα
873 3849 958 3947 περὶ
985 3843 1123 3921 τετῶν
1150 3844 1298 3922 κοινῶν
1323 3843 1550 3947 βουλεύεται

161 3970 320 4052 καὶτοῦ
340 3975 445 4072 ἱεροῦ
466 3971 536 4066 τὴν
555 3977 772 4074 ἐπιμέλειαν
791 3974 869 4067 {jaer
889 3975 1139 4073 κοινοτέραν,
1169 3968 1234 4048 άτε
1255 3975 1323 4047 καὶ
1342 3973 1551 4072 χρημάτων

162 4094 431 4198 ἀποκειμένων
460 4097 614 4175 πολλῶν
642 4104 711 4173 καὶ
741 4095 1007 4197 ἀναθημάτων
1016 4155 1028 4189 ,
1056 4095 1236 4194 φυλακῆς
1264 4101 1334 4173 καὶ
1359 4088 1551 4202 άγιστεὶας

163 4220 344 4335 δεομένου
357 4221 537 4329 μεγάλης.
896 4224 1054 4320 (Strabo
1073 4226 1141 4324 IX,
1161 4226 1197 4325 3,
1217 4226 1253 4306 7.
1273 4255 1309 4332 p.
1331 4227 1443 4321 64³.)

798 4372 912 4451 1277.

269 4479 622 4582 Amphictyonioum
650 4479 851 4582 collegium
878 4480 981 4558 etde
1000 4479 1158 4583 publicis
1177 4480 1364 4558 consultat
1382 4478 1494 4558 rebus
1513 4491 1551 4557 et

160 4605 292 4709 templi
310 4605 602 4683 communiorem
621 4607 780 4683 sustinet
807 4607 1128 4706 procurationem,
1157 4604 1281 4682 multia
1299 4603 1351 4681 ibi
1369 4606 1550 4709 pecuniis,

161 4730 287 4817 multis
315 4728 493 4829 depositis
522 4729 707 4827 donariis,
738 4756 832 4831 quae
861 4741 1035 4809 accurato
1060 4729 1232 4830 indigent
1249 4731 1548 4834 custodiantque

160 4851 418 4936 sanctimonia

225 5030 233 5041 .
308 5032 311 5037 .
372 4952 378 4965 ’
797 4958 911 5041 1278.

168 5056 232 5101 “”“
255 5056 377 5167 'stuic'
388 5053 536 5175 ’ὅρκους
553 5058 633 5142 τῶν
656 5056 964 5168 Ἀμφικτυόνων
982 5062 1101 5144 εἶναι·
1124 5060 1318 5170 μηδεμίαν
1335 5066 1452 5148 πόλιν
1469 5066 1548 5148 τοῖν

365 5174 504 5265 'laem
522 5180 752 5267 ’άνάστατον
779 5189 971 5283 ποιήσειν,
1004 5194 1094 5291 μηδ’
1122 5187 1278 5274 ύδάτων
1305 5199 1549 5298 ναματιαίων
