3436 5790
677 396 925 453 vacuentur.
1411 357 1489 455 823

756 572 845 667 880.

219 730 306 810 Τῶν
325 736 582 838 εἰσαγομένων
600 735 653 820 εἰς
670 728 743 808 τόν
761 729 929 831 Πειραιοῖ
957 735 1129 831 φορτίων
1146 737 1214 808 καὶ
1234 728 1489 833 ἀνδραπόδων

107 865 154 935 ἐκ
172 858 237 950 τῆς
264 855 484 952 ἀλλοδαπῆς
512 853 772 951 πεντηκοστὴν
799 855 977 932 τελοῦσιν
996 859 1033 932 οἱ
1062 860 1242 956 ἔμποροι·
1271 865 1339 933 καὶ
1368 860 1487 936 τοῦτο

107 989 283 1060 καλεῖται
307 980 687 1078 πεντηκοστεόεσθαι.
744 984 915 1080 (Bekker
933 983 1072 1064 Aneod.
1092 1013 1145 1086 gr.
1167 988 1194 1064 I.
1216 1015 1251 1089 p.
1272 988 1380 1080 297.)

754 1164 842 1241 880.

216 1307 274 1387 Ab
299 1310 503 1412 importatis
531 1311 569 1385 in
597 1308 770 1384 Piraeum
799 1305 984 1384 extraneis
1012 1306 1196 1383 mercibus
1226 1318 1263 1384 et
1292 1310 1486 1412 mancipiis

113 1435 455 1539 quinquagesimam
486 1438 656 1540 pendunt
677 1446 911 1513 mercatores.
949 1434 998 1510 Et
1016 1434 1086 1510 hoc
1107 1447 1276 1512 vocatur:
1306 1436 1485 1538 quinqua·

111 1562 288 1659 gesimam
307 1563 460 1640 solvere.

755 1666 844 1746 881.

218 1807 322 1899 Totis
337 1809 713 1915 πεντηκοστολόγους
731 1806 777 1884 τό
793 1811 866 1908 μὲν
886 1805 1075 1910 πολεμικοὶ
1097 1807 1215 1902 σκεύη
1228 1805 1483 1909 μήτελωνεῖν,

111 1928 182 2009 όσυ
202 1934 242 2012 δέ
258 1943 333 2012 ἐστι
354 1935 525 2037 εἰρηνικὰ
544 1943 612 2011 καί
634 1921 895 2037 πρόζτρυφῆν
914 1935 1174 2010 συντελοῦντα
1193 1943 1381 2032 κατέχειν.

579 2159 581 2164 ,
645 2063 786 2157 (Solrol.
807 2063 845 2139 ln
864 2064 1057 2140 Deurosth.
1078 2064 1165 2141 Mid.
1188 2068 1275 2159 558,
1298 2068 1378 2157 18.)

748 2225 837 2302 881.

215 2366 613 2468 Quinquagesimarum
641 2379 833 2444 exactores
858 2395 881 2442 u
898 2369 1051 2445 sarcinis
1081 2370 1222 2446 bellicis
1251 2370 1409 2471 vectigal
1438 2400 1485 2448 ne

110 2492 280 2590 exigant,
310 2504 491 2594 quotquot
511 2504 635 2569 autern
654 2492 699 2567 ad
720 2514 852 2593 paoem
871 2493 1061 2593 pertinent
1080 2496 1181 2569 etad
1201 2497 1330 2573 luxum
1348 2500 1484 2573 contri-

110 2618 246 2711 buunt,
276 2617 358 2694 illas
373 2601 566 2694 letineant
584 2617 652 2712 (ad
672 2618 895 2717 exigendam
914 2616 1290 2721 quinquagesimam).

219 2932 301 3013 Τόν
318 2942 532 3034 ἐωνημένον
549 2932 622 3030 τὴν
640 2933 900 3031 πεντηκοστὴν
910 2934 1202 3039 ,assumimur
1221 2934 1286 3027 τὰς
1307 2942 1482 3037 καταβο-

109 3055 176 3147 λὰς
195 3065 246 3147 εἰς
265 3059 309 3136 τό
327 3060 601 3163 βουλευτήριον
619 3059 719 3138 κατὰ
741 3068 983 3165 πρυτανείαν.

801 3192 1011 3287 (Demosth.
1031 3193 1068 3269 in
1089 3193 1221 3271 Neaer.
1244 3192 1380 3285 1353.)

751 3351 840 3430 882.

212 3494 414 3572 Redemtor
450 3495 781 3595 quinquagesimae
817 3519 964 3595 quaque
1001 3496 1181 3596 Prytanis
1214 3497 1483 3599 praestandum

108 3621 267 3722 pretium
282 3621 322 3697 in
340 3621 441 3699 curia
459 3645 653 3697 numerare
672 3620 794 3697 debet.

748 3796 837 3875 883.

213 3935 384 4028 Δεκότην
409 3942 455 4014 lx
481 3934 561 4013 των
592 3939 764 4036 φορτίων
792 3934 870 4012 τῶν
898 3931 1075 4039 ἐμπόριον
1101 3936 1176 4015 τοῦ
1195 3931 1482 4031 Ἑλλησπόντου

107 4061 329 4162 λαμβάνειν.
608 4063 752 4159 (Schol.
770 4065 809 4141 ln
829 4063 1018 4143 Demosth.
1039 4068 1186 4169 Leptin.
1208 4069 1296 4163 475,
1318 4072 1374 4161 5.)

747 4226 837 4302 883.

213 4366 244 4450 Α
265 4368 448 4448 mercibus
466 4379 710 4446 mercatomm
729 4369 963 4470 Hellesponti
983 4370 1180 4469 exiguntur
1198 4369 1372 4449 decimae.

748 4550 838 4629 884.

206 4690 506 4792 Ἐλλιμενισταὶ,
535 4695 571 4769 οἱ
591 4699 634 4768 ἐν
652 4702 730 4781 τοῖς
748 4699 869 4794 λιμέσι
887 4692 1057 4770 τελῶναι.

713 4820 883 4915 (Bekker
901 4819 1041 4901 Aneod.
1061 4844 1116 4919 gr.
1136 4821 1164 4899 Ι.
1183 4847 1239 4922 pr.
1260 4821 1372 4916 251.)

748 4982 836 5060 884.

211 5123 416 5206 Portitores
435 5137 520 5206 sunt
538 5117 728 5233 publicani
745 5126 785 5206 in
804 5125 983 5231 portibus.
