3436 5790
239 351 317 424 240
781 373 1072 427 ruerusmcurt.

880 565 969 638 950.

343 691 541 767 Navalium
561 701 750 767 curatores
770 687 920 765 tradent
947 663 1158 766 trierarcliis
1176 716 1292 766 naves
1311 703 1350 767 et
1367 700 1622 786 armamente3

235 816 457 900 trierarchae
476 827 603 893 autem
621 826 848 920 praeparent
865 841 981 892 naves
999 813 1046 891 ad
1065 816 1377 916 enavigationem.

881 977 969 1052 951.

347 1097 447 1187 Τοάς
467 1098 695 1196 ὀφείλοντας
714 1096 760 1175 τά
782 1097 900 1192 σκεύη
918 1101 967 1200 τῇ
984 1099 1113 1192 πόλει,
1144 1096 1167 1192 ἢ
1185 1096 1402 1178 άποδιδόνα
1419 1097 1467 1177 τά
1487 1096 1620 1191 σκεύη,

237 1232 273 1303 ει’
291 1226 328 1304 δὲ
344 1224 421 1325 μή,
450 1231 610 1327 ἐνέχυρα
630 1224 835 1328 λήψεσθαι.

689 1353 900 1448 (Demosth.
919 1356 958 1430 in
979 1355 1116 1456 Everg.
1136 1364 1174 1432 et
1192 1353 1353 1434 Mnesib.
1375 1355 1512 1449 1150.)

884 1517 972 1593 951.

341 1643 414 1735 Qui
432 1655 663 1720 armamenta
682 1644 822 1722 debent
840 1643 1000 1740 civitati,
1026 1643 1205 1740 reddant3
1233 1644 1264 1720 si
1284 1669 1381 1740 non,
1401 1643 1540 1746 pignus
1559 1664 1619 1719 eu·

237 1768 314 1868 piat
332 1768 474 1846 civitas.

884 1876 972 1952 952.

335 1992 387 2074 ‘0
404 2003 542 2099 ταμίας
561 1996 765 2104 γενόμενος
784 2002 838 2086 είς
855 1994 903 2072 τά
923 1995 1060 2098 νεώρια
1071 2057 1082 2090 ,
1110 1998 1188 2077 τῶν
1217 1997 1366 2076 σκευῶν
1394 1987 1453 2076 ὦν
1479 1999 1620 2097 ἐλαβεν

236 2120 337 2222 παρά
365 2122 442 2201 τῶν
468 2124 706 2225 τριηράρχων
733 2129 801 2200 καί
830 2119 910 2201 οὐκ
937 2122 1131 2231 είςήνεψκε
1159 2122 1311 2229 γράψας
1339 2130 1383 2200 ἐν
1410 2124 1456 2222 τῇ
1481 2121 1619 2217 στήλη,

235 2246 423 2355 ἀργύριον
442 2248 628 2328 ἀποδότω.
684 2256 762 2348 (Ex
781 2253 946 2356 inscript
966 2264 1068 2332 naut
1089 2254 1330 2332 Boeekhii
1348 2282 1384 2356 p.
1396 2253 1509 2347 382.)

881 2417 969 2497 952.

340 2544 541 2621 Navalium
567 2553 761 2645 quaestor,
789 2543 820 2620 si
850 2553 1100 2638 armamenta,
1130 2567 1225 2643 quse
1244 2568 1267 2619 a
1284 2540 1484 2643 praefectis
1511 2541 1619 2619 trire-

235 2669 349 2746 mium
367 2670 531 2772 aeeepit,
550 2695 628 2745 non
645 2667 812 2745 intulerit
829 2668 867 2743 in
887 2671 1119 2765 columnam,
1138 2666 1300 2771 pretium
1317 2667 1466 2746 illorum
1483 2667 1620 2745 solvat

882 2829 970 2906 953.

345 2950 510 3058 Τριήρεις
539 2956 591 3040 εἰς
619 2952 747 3028 πλοῦν
775 2949 957 3039 δοθείσας
984 2958 1030 3028 ἐκ
1058 2951 1137 3029 τῶν
1154 2955 1324 3051 νεωρίων
1341 2955 1412 3026 καί
1431 2947 1479 3025 τά
1499 2947 1621 3043 σκεύη

234 3073 337 3152 κατά
356 3075 527 3177 πόλεμον
545 3073 755 3178 ἀχρήστους
774 3082 997 3182 γεγονέναι,
1026 3069 1050 3153 ὅ
1073 3074 1191 3176 δῆμος
1210 3082 1427 3178 ψηφίζεται.

456 3208 534 3301 (Ex
551 3206 822 3308 inscriptionib.
841 3217 942 3283 naut
961 3207 1205 3286 Boeekhii
1232 3237 1270 3311 p.
1289 3207 1377 3284 403.
1397 3206 1508 3298 444.)

883 3369 970 3445 953.

341 3495 474 3572 Utrum
492 3496 661 3572 triremes
681 3521 700 3571 e
721 3495 916 3571 navalibus
935 3495 984 3572 ad
1009 3497 1289 3594 navigationem
1307 3496 1415 3572 datae
1441 3506 1479 3572 et
1496 3520 1618 3571 arma·

234 3631 360 3697 menta
378 3619 477 3697 bello
497 3622 596 3697 facta
613 3621 689 3696 sint
705 3621 869 3716 inutilia,
899 3620 938 3696 id
955 3622 1117 3722 pupulus
1137 3623 1234 3698 votis
1252 3622 1428 3699 decernit.

880 3783 969 3859 954.

346 3901 422 3993 Τάς
439 3904 517 3979 τῶν
536 3900 697 4003 τριήρων
715 3903 793 3978 τῶν
812 3904 1064 4001 σκηφθεισαῖν
1080 3902 1184 3980 κατά
1208 3901 1385 4004 χειμῶνα
1405 3901 1463 3981 δεῖ
1480 3904 1535 4005 τῴ
1556 3903 1619 3981 δι-

235 4035 431 4132 καστηρίῳ
452 4028 608 4123 δοκεῖν,
636 4026 738 4105 κατά
750 4030 928 4130 χειμῶνα
948 4028 1222 4131 διαφθαρῆναι.

677 4159 755 4253 (Ex
773 4160 940 4262 inscript.
959 4172 1061 4238 naut.
1081 4158 1321 4237 Boeekhii
1340 4187 1377 4260 p.
1397 4160 1509 4254 491.)

881 4326 969 4399 954.

343 4447 526 4525 Tribunul
554 4449 750 4545 decernat,
780 4460 904 4525 utrum
929 4451 1097 4527 triremes
1122 4449 1288 4552 procella
1314 4449 1539 4551 periverint,
1569 4450 1619 4530 de

234 4572 369 4674 quibus
386 4574 425 4651 id
443 4574 624 4676 praefecti
643 4575 847 4653 triremium
866 4587 1100 4677 praetexunt

881 4737 971 4814 955.

257 4922 260 4929 ,
344 4853 447 4947 Turia
463 4848 778 4964 ὁμολογήσαντας
801 4857 1072 4960 τριηράρχους,
1101 4857 1241 4949 καινάς
1269 4858 1484 4940 ἀποδώσειν
1509 4862 1620 4963 τριή-

414 4979 466 5077 τιή
485 4979 725 5076 ἀποδόντας,
754 4983 1016 5086 καταβάλλειν
1036 4992 1346 5083 πεντακισχιλίας
1366 4987 1551 5087 δραχμάς.

669 5114 984 5199 ειεοιεεεῑε
1001 5117 1562 5218 μειειεειεοιεεεεο.)
