3436 5790
762 385 824 435 JUS
842 385 1050 439 PUBLICUM.

847 575 961 654 1002.

315 704 504 780 Ludorum
522 705 833 806 Dionysiccorum
845 702 1012 803 judices,
1038 706 1069 781 si
1088 705 1252 806 iniquam
1272 703 1319 778 de
1339 702 1463 779 choris
1482 700 1597 802 cycli-

207 833 260 908 cis
279 831 502 907 sententiam
520 830 693 923 tulerint,
720 828 955 905 mulctentur.

849 987 962 1064 loos.

316 1117 363 1192 Ol
395 1110 681 1220 γυμνασιάρχαι
709 1121 788 1200 τοῖς
819 1105 1020 1211 Ἐρμαίοις
1043 1108 1097 1209 μή
1127 1108 1299 1188 ίάτωσαν
1335 1115 1596 1216 συγκαθιέναι

202 1240 347 1341 μηδένα
386 1241 465 1317 τῶν
493 1247 536 1316 ἐν
563 1232 695 1339 ἡλικίᾳ
724 1236 853 1338 τρόπῳ
877 1235 1035 1337 μηδενί·
1074 1235 1144 1313 ἑῶν
1173 1236 1211 1313 δὲ
1241 1243 1416 1339 ἐπιτρέπῃ
1443 1243 1513 1312 καί
1539 1234 1596 1334 μὴ

207 1371 354 1471 ἐξείργῃ
382 1369 452 1444 τοῦ
482 1369 723 1471 γυμνασίου,
760 1367 898 1461 ἔνοχος
926 1367 1020 1440 ἴστω
1050 1355 1072 1440 ὁ
1102 1361 1412 1469 γυγμνασιάρχης
1449 1363 1503 1463 τῷ
1533 1362 1598 1453 τῆς

207 1497 420 1591 ἐλευθέρων
439 1493 594 1592 φθορᾶς
611 1489 731 1591 νόμῳ.

638 1600 831 1697 (Aeschin.
852 1601 1039 1679 Timarch.
1060 1595 1094 1703 ξ.
1118 1601 1177 1678 12.
1207 1601 1286 1680 Lex
1305 1600 1487 1694 Solonis.)

846 1764 865 1839 1
898 1763 960 1839 63.

315 1890 633 1991 Gymnesiarchae
662 1766 947 1966 Mercurialibus
977 1888 1079 1965 nullo
1107 1890 1220 1967 modo
1247 1913 1461 1992 quenquam
1490 1887 1596 1964 adul·

206 2030 286 2094 tum
304 2015 449 2116 ingredi
468 2041 551 2090 cum
569 2015 694 2115 pueris
720 2015 891 2105 sinuuto:
920 2015 978 2090 sin
1007 2015 1219 2117 permiserit
1247 2041 1368 2116 neque
1395 2015 1598 2117 gymnasio

207 2142 421 2237 excluserit,
451 2151 621 2217 teneatur
637 2141 926 2240 gymnasiarcho
944 2139 1028 2242 lege
1049 2141 1095 2218 de
1115 2144 1326 2244 corruptela
1344 2142 1598 2243 ingenuorum

206 2295 417 2373 puerorum.

846 2375 960 2452 1061.

318 2497 419 2591 Μήτ’
449 2501 605 2589 οἰκέτην
632 2493 923 2597 ἀπελευθεροῦν
949 2504 992 2574 ἐν
1019 2498 1076 2598 τῴ
1102 2496 1274 2600 θεάτρῳ,
1298 2496 1398 2596 μηθ’
1417 2490 1498 2576 rinei
1517 2497 1601 2574 τῶν

208 2623 385 2720 φυλετῶν
404 2621 428 2716 ἢ
447 2623 623 2722 δημοτῶν
642 2622 948 2728 ἇναγορέυεσθαι
968 2622 1297 2723 στεφανούμενον,
1313 2623 1413 2723 μηθ’
1433 2619 1502 2702 ὑπ’
1522 2619 1599 2700 ἆλ-

208 2754 279 2825 λου
293 2749 478 2850 μηδενὸς,
510 2746 533 2839 ἢ
551 2744 693 2848 ἄτιμον
712 2747 809 2824 εἶναι
830 2746 901 2824 τὸν
918 2748 1081 2848 κήρυκα.

885 2876 1079 2973 (Aeschin.
1099 2879 1138 2953 in
1157 2876 1324 2980 Ctesiph.
1344 2872 1377 2980 ξ.
1400 2881 1485 2973 44.)

847 3041 961 3116 root.

314 3165 370 3244 Ne
389 3167 472 3268 quis
490 3167 529 3241 in
557 3165 704 3242 theatro
733 3191 886 3243 servum
911 3169 1166 3261 manumittat,
1195 3192 1291 3244 nevo
1313 3169 1360 3244 de
1376 3169 1421 3244 iis
1440 3192 1598 3270 praeco-

208 3295 312 3370 nium
330 3295 414 3385 fist,
443 3316 535 3391 quos
565 3291 719 3367 tribules
747 3305 812 3369 aut
840 3293 1039 3394 populares
1068 3305 1132 3367 aut
1160 3293 1222 3368 alii
1252 3295 1372 3392 quivis
1390 3306 1595 3385 coronent,

208 3420 344 3518 alioqui
363 3419 517 3494 infamia
535 3429 684 3494 notetur
700 3445 845 3520 praeco.

818 3682 996 3775 Μῷωγᾎ

517 3803 851 3894 ‘Aetolum
893 3806 1279 3898 στρατιωτικά.

821 4045 919 4110 Ριτο
946 4048 978 4112 3.

633 4172 854 4240 Delicta
890 4173 1172 4241 militaris.

848 4341 961 4418 1065.

316 4461 387 4555 Ml
407 4469 531 4568 λέγειν
559 4457 583 4554 ἢ
609 4459 674 4548 τὰς
702 4466 897 4561 στρατείας
909 4460 965 4562 μη
987 4467 1287 4562 ἐστρατευμένον
1305 4455 1390 4536 ὅσοι
1412 4455 1465 4535 itu
1484 4460 1594 4563 αὐτῷ

209 4588 531 4692 προσταχθῶσιν,
562 4582 586 4680 ἢ
601 4583 674 4678 την
693 4583 837 4662 ἀσπίδα
856 4584 1162 4689 ἀποβεβληκότα.

483 4719 583 4814 (Lex
603 4717 753 4794 Solonis
772 4717 873 4821 apud
893 4717 1066 4797 Aeschin.
1088 4743 1117 4793 c.
1137 4712 1324 4793 Timarch.
1345 4713 1378 4818 ξ.
1400 4719 1486 4811 29.)

848 4878 961 4956 1065.

314 5006 511 5086 Hsbcudis
539 5004 783 5083 concionibus
807 5005 1061 5102 interdicitur,
1089 5007 1154 5107 qui
1172 5007 1372 5106 imperatus
1391 5005 1463 5082 sibi
1483 5032 1595 5108 expe·

279 5158 370 5224 oues
385 5158 465 5213 uou
482 5132 637 5228 obierit,
664 5143 729 5209 sut
745 5134 921 5234 clypeum
939 5134 1127 5234 abjecerit.
