3436 5790
167 397 247 495 bb&
524 416 831 495 couussrsmcs
852 438 906 490 so
920 428 1104 495 sterteres.
1129 432 1208 495 usa

165 628 240 710 r‘etn
261 614 640 712 Lacedaemoniorum
660 631 868 725 civitatem,
899 657 996 732 quae
1019 633 1108 710 solis
1126 633 1382 710 meretricibus
1400 628 1558 712 floridas

164 771 285 836 vestes
304 771 341 836 et
359 785 512 836 aureum
540 769 714 837 umatum
741 771 888 855 gestare
918 760 1105 860 permisit,
1133 787 1156 837 a
1182 759 1310 861 probis
1338 759 1559 837 mulieribus

164 885 291 986 mundi
320 883 483 962 studium
512 886 707 976 auferens,
737 883 838 982 quod
868 884 957 959 solis
977 884 1235 961 meretricibus
1254 909 1292 960 se
1312 910 1447 963 ornare
1467 912 1555 962 con·

153 1009 343 1105 cederet.)
574 992 575 996 ¹

173 1154 176 1159 ·
269 1134 508 1210 Zaleucus
538 1135 667 1211 Locris
692 1133 790 1209 hanc
808 1136 930 1233 legem
949 1136 1117 1237 scripsit:
1146 1136 1281 1212 Mulier
1299 1148 1407 1214 extra
1424 1135 1552 1219 urbem

164 1269 279 1335 noctu
295 1257 428 1359 pedem
440 1282 487 1334 ne
499 1261 642 1354 efferto,
656 1261 727 1334 nisi
748 1282 861 1358 quum
882 1259 1077 1336 moechum
1098 1262 1192 1337 forte
1213 1261 1367 1337 accedit.
1388 1261 1555 1337 Aureum

163 1394 334 1460 ornatum
355 1396 393 1460 et
411 1385 630 1462 intertextas
650 1410 741 1459 auro
761 1395 884 1458 vestes
903 1408 952 1459 ne
971 1383 1208 1480 circumdato,
1227 1386 1299 1463 nisi
1318 1388 1553 1463 meretricem

163 1531 275 1608 cgere
295 1509 408 1586 velit,
435 1509 507 1586 Vir
535 1509 716 1586 annulum
744 1509 968 1586 subaureum
993 1521 1057 1586 aut
1076 1523 1218 1587 vestem
1236 1511 1404 1587 Milesiae
1424 1536 1553 1612 parem

162 1643 211 1710 he
229 1644 386 1736 gestato,
407 1635 478 1709 nisi
498 1636 561 1734 qui
579 1635 802 1710 scortatione
823 1634 880 1710 vel
901 1635 1080 1711 adulterio
1100 1662 1141 1713 se
1162 1638 1404 1714 contaminat
1424 1637 1503 1730 (Di
1515 1664 1553 1710 o·

162 1757 638 1853 docuissemus.)
1531 1812 1533 1818 ,

168 1888 188 1927 ³*
224 1910 229 1923 ¹
270 1882 381 1987 Apud
401 1882 621 1984 Syracusios
641 1882 762 1981 legem
783 1910 864 1960 esse
885 1884 974 1961 dicit
988 1885 1232 1986 Phylarchus,
1251 1897 1345 1961 teste
1358 1882 1551 1964 Athenaeo

163 2008 268 2105 (uu,
283 2009 404 2104 020),
416 2036 490 2112 qua
501 2021 677 2086 caveatur
688 2036 734 2084 ne
745 2035 836 2087 auro
847 2037 929 2087 sese
940 2022 1074 2088 ornent
1090 2012 1276 2107 mulieres,
1286 2037 1382 2088 neve
1397 2012 1551 2090 floridas

161 2144 311 2234 gestent
326 2147 452 2213 vestes
472 2146 535 2211 aut
554 2144 719 2237 purpura
738 2148 971 2237 praetextas,
993 2138 1064 2213 nisi
1083 2163 1178 2237 quae
1197 2163 1237 2213 se
1256 2137 1449 2239 publicum
1469 2162 1551 2217 esse

162 2261 410 2362 prostibulum
439 2264 678 2365 profiteatur:
708 2286 862 2362 esseque
891 2263 1001 2338 aliam
1020 2263 1163 2361 legem,
1192 2289 1289 2365 quae
1310 2275 1412 2340 vetet
1430 2265 1550 2340 virum

162 2385 355 2462 lenociniis
366 2387 507 2464 formae
527 2388 676 2464 studere
697 2396 761 2464 aut
777 2388 1001 2464 'vestimento
1021 2389 1074 2464 uti
1093 2389 1330 2487 exquisitiore
1351 2401 1389 2465 et
1408 2414 1430 2464 a
1449 2414 1550 2466 com·

162 2512 262 2587 uiuni
285 2534 356 2588 usu
375 2510 599 2589 abhorrente
611 2538 624 2606 ,·
648 2513 717 2587 nisi
749 2514 809 2611 qui
832 2511 1044 2589 adulterum
1063 2540 1103 2589 se
1122 2524 1187 2590 aut
1204 2511 1355 2590 mollem
1375 2511 1548 2616 profitea-

161 2624 249 2713 iuri
260 2635 358 2712 item
377 2649 528 2713 cautum
548 2663 648 2732 esse,
677 2637 841 2736 ingenua
858 2637 996 2713 mulier
1014 2663 1062 2713 ne
1081 2650 1165 2739 post
1184 2661 1357 2717 occasum
1375 2639 1464 2716 solis
1483 2637 1551 2714 do·

161 2766 371 2855 moereat,
383 2784 386 2791 ·
400 2762 469 2837 nisi
487 2761 709 2838 adulterium
729 2760 945 2838 admissura.

746 2970 823 3056 Au
839 2973 973 3055 use.

268 3136 466 3212 Rationem
492 3135 604 3237 hujus
632 3137 726 3238 legis
754 3138 820 3215 dat
838 3149 965 3215 orator
984 3138 1132 3216 dicens:
1161 3137 1412 3240 abejusmodi
1427 3137 1551 3215 nomi·

162 3258 271 3338 nibus
289 3286 366 3340 non
382 3262 504 3337 solum
524 3286 607 3356 eos,
637 3264 700 3362 qui
728 3264 767 3336 in
788 3263 880 3339 ¹illos
907 3261 1123 3358 inciderint,
1151 3264 1216 3342 sed
1236 3278 1441 3340 mercatum
1460 3287 1550 3364 quo·

161 3411 233 3490 que
252 3387 410 3464 civitatis
436 3388 678 3463 communiter
706 3388 813 3463 laedi.
850 3386 1085 3465 Oommercia
1103 3390 1202 3464 enim
1220 3386 1387 3490 pendent
1405 3414 1483 3465 non
1502 3386 1549 3464 de

161 3514 428 3615 accipientibus
447 3523 635 3608 mutuum,
664 3514 729 3590 sed
750 3514 796 3590 de
817 3514 1013 3608 dontibus,
1039 3527 1075 3590 st
1093 3538 1163 3590 nec
1181 3515 1288 3590 navis
1308 3536 1376 3590 nec
1394 3514 1547 3590 navicu-

159 3635 271 3714 larius
300 3665 370 3715 nec
398 3649 527 3715 vector
555 3639 712 3739 provehi
741 3651 885 3741 potest,
913 3641 943 3714 si
969 3653 1097 3716 mutuo
1118 3641 1285 3716 dantium
1303 3639 1549 3716 ministerium

160 3764 347 3840 sublatum
367 3766 488 3841 fuerit.
564 3815 567 3823 ·

696 3923 698 3926 Α
738 3829 974 3956 sense.

270 4031 514 4110 Athenienses
538 4020 641 4110 inter
664 4054 803 4111 annum
832 4034 920 4110 307.
940 4046 977 4111 et
995 4035 1084 4111 200.
1104 4060 1137 4111 a.
1157 4035 1225 4112 uh.
1246 4034 1439 4113 decretum
1456 4035 1547 4112 tule-

161 4166 267 4250 runt,
297 4169 356 4250 ut,
385 4160 448 4256 qui
477 4185 554 4234 non
585 4158 821 4237 vendiderint
850 4158 1052 4239 secuudum
1079 4162 1327 4263 praescriptas
1355 4186 1548 4238 mensuras

161 4281 267 4373 (vide
286 4280 492 4358 Comment.
522 4285 570 4360 ad
594 4285 726 4377 312),
757 4268 884 4361 do'ruin
900 4267 1003 4362 ''vhsa
1031 4287 1376 4385 confringerentur,
1405 4309 1548 4363 merces

163 4415 256 4483 vero
271 4406 560 4508 publicarentur.
584 4411 849 4502 (Boeckhii
868 4408 1007 4514 Gorp.
1027 4413 1256 4514 inscript.
1276 4439 1339 4514 gr.
1360 4410 1547 4502 Nulbb.)

269 4547 482 4628 Secundum
502 4551 669 4628 Platonis
687 4552 811 4654 Leges
841 4555 952 4649 (917,
973 4551 1127 4650 O-Dl,
1157 4554 1325 4633 vendens
1354 4554 1493 4658 aliquid
1504 4556 1548 4628 'in

162 4675 243 4752 foro
273 4702 319 4752 ne
347 4694 509 4778 unquam
538 4678 611 4754 duo
640 4672 761 4780 pretia
787 4679 885 4757 dicat
910 4705 1054 4773 eorum,
1084 4707 1179 4781 quae
1199 4680 1346 4776 vendit,
1376 4679 1441 4759 sed
1460 4682 1545 4758 sim·

161 4800 255 4899 plice
276 4800 394 4895 dictu,
414 4801 444 4876 si
464 4828 540 4877 non
560 4802 721 4899 obtinet,
742 4804 902 4901 auferat,
923 4828 1043 4906 neque
1064 4831 1108 4883 eo
1128 4805 1186 4881 die
1204 4807 1324 4908 majus
1344 4806 1546 4882 autminus

161 4928 320 5023 pretium
347 4926 555 5002 constituat.
599 4925 778 5005 Laudatio
808 4942 931 5007 autem
961 4942 996 5006 et
1019 4927 1280 5032 jusjurandum
1309 4932 1478 5007 inomni
1505 4956 1545 5007 re

160 5051 360 5128 vendenda
377 5051 516 5128 abesto.
556 5053 595 5129 si
616 5056 696 5155 quis
717 5069 841 5135 autem
861 5056 917 5134 his
936 5083 1012 5135 non
1033 5056 1180 5158 obedit,
1201 5059 1412 5162 quicunque
1432 5059 1544 5135 inter·

159 5177 263 5251 'venit
281 5177 437 5272 ciuium,
468 5178 530 5276 qui
558 5202 633 5255 non
664 5180 795 5258 minus
812 5183 967 5283 triginta
994 5182 1104 5261 annis
1131 5184 1179 5263 sit
1196 5194 1332 5282 uatus,¹
1349 5184 1543 5286 iurantem
