3404 5782
145 416 224 498 481
486 435 797 492 connumeres
818 435 870 486 an
889 433 951 490 sar.
971 435 1034 490 aaa.
1053 435 1116 490 511.
1137 433 1206 489 aas.

292 593 305 628 0

732 637 808 726 Ad
829 641 945 728 807.

154 820 158 826 ’
253 815 324 895 Alii
351 804 670 912 προσχαιρητὴρια
696 808 887 886 vocabant
914 808 985 886 hoc
1015 809 1150 887 festum
1180 811 1223 884 in
1258 807 1459 883 honorem
1480 806 1553 883 Pro-

146 941 318 1045 serpinae
339 940 575 1017 celebratum.

730 1055 807 1139 Ad
831 1057 947 1140 500.

253 1227 393 1304 Suidas‘
413 1253 442 1302 s.
472 1253 505 1300 v.
530 1215 787 1297 'Aetnaea-
825 1221 941 1298 Sextc
970 1221 1111 1298 decimo
1142 1220 1205 1295 die
1238 1222 1404 1296 mensis
1437 1220 1551 1320 Muny-

146 1353 288 1429 chionis
309 1354 401 1427 fiunt
420 1351 635 1450 placentae;
664 1347 733 1422 hae
753 1357 879 1427 autem
896 1357 1079 1423 vocantur
1097 1339 1393 1440 ἀμφιφῶντες,
1416 1358 1459 1422 ut
1479 1373 1550 1423 non·

145 1478 237 1555 nulli
264 1475 414 1576 quidem
442 1473 613 1565 tradunt,
649 1473 736 1573 quia
764 1484 853 1547 tunc
882 1472 1150 1566 conficiuntur,
1181 1496 1278 1545 cum
1312 1471 1378 1546 sol
1412 1484 1453 1546 et
1481 1472 1551 1545 luna

145 1629 252 1679 mane
272 1628 385 1704 supra
408 1611 545 1677 terram
573 1609 779 1700 apparent;
806 1610 848 1672 ut
876 1623 964 1673 vero
994 1594 1251 1697 Apollodorus
1287 1596 1457 1689 scribit,
1484 1599 1551 1697 quia

145 1739 342 1830 portantur
360 1726 491 1803 faculis
511 1724 727 1803 ardentibus
747 1724 885 1800 circum
905 1748 968 1800 eas
988 1721 1147 1822 undique
1168 1723 1274 1797 fixis.

743 1933 939 2021 edm

254 2102 429 2181 Suidas
459 2130 486 2179 s.
516 2131 551 2178 v.
581 2094 813 2199 ‹ipae-edane:
842 2102 972 2203 Lysias
1001 2101 1189 2203 virginum
1216 2103 1549 2180 consecrationem

147 2214 241 2335 quae
271 2239 357 2304 ante
386 2228 534 2328 nuptias
564 2227 601 2303 in
635 2225 814 2304 honorem
841 2224 984 2303 Dianae
1015 2224 1146 2318 fiebat,
1177 2217 1414 2321 ἀρκτεύειν
1448 2240 1549 2302 vocat.

146 2349 323 2452 Virgines
343 2352 440 2429 enim
460 2353 513 2429 sic
534 2365 771 2430 consecratae
790 2352 1079 2454 appellabantur
1098 2341 1241 2449 ἄρκτοι
1268 2357 1452 2448 (ursae).

147 2649 229 2700 rum
257 2621 396 2721 degens
423 2621 666 2699 contubernio
694 2620 886 2698 hominum
915 2647 1061 2698 omnem
1090 2618 1249 2698 tandem
1272 2622 1483 2701 feritatem
1500 2650 1549 2725 pe·

147 2759 280 2825 suerat.
314 2747 409 2824 oum
428 2759 554 2825 autem
572 2749 679 2844 virgo
699 2746 881 2845 quaedam
901 2773 985 2823 cum
1005 2773 1050 2824 ea
1068 2746 1216 2823 luderet
1236 2750 1550 2850 petulantiusque

146 2882 343 2967 tractaret,
372 2900 458 2950 ursa
476 2874 619 2949 irritata
638 2899 718 2949 eam
737 2873 927 2972 unguibus
946 2873 1174 2949 vulneravit:
1206 2900 1292 2972 qua
1312 2902 1358 2952 re
1383 2877 1475 2954 irati
1493 2878 1549 2952 fra-

147 3007 233 3092 tres,
253 3023 335 3073 eam
353 2997 435 3096 telis
455 2999 707 3075 confecerunt.
733 2997 827 3076 Cum
845 2999 960 3097 igitur
979 3022 1022 3073 ea
1041 2997 1088 3074 de
1107 3023 1224 3074 causa
1242 3003 1452 3100 pestilens
1472 3029 1550 3078 mor·

148 3124 218 3200 bus
248 3119 492 3199 Athenienses
526 3123 746 3217 invasisset,
785 3123 975 3199 oraculum
1005 3122 1301 3201 consulentibus
1332 3153 1550 3232 responsum

148 3264 225 3347 est,
253 3250 452 3328 remedium
471 3249 556 3327 mali
575 3249 674 3345 fore,
703 3250 734 3326 si
764 3249 859 3325 filias
891 3276 977 3326 suas
1005 3250 1053 3326 ad
1081 3247 1324 3352 expiandam
1346 3281 1466 3331 ursae
1487 3280 1551 3329 cae·

148 3375 233 3457 dem
253 3389 443 3478 tamquam
463 3365 630 3472 ἄρκτους
650 3375 796 3474 (ursas)
818 3375 1028 3451 consecrari
1039 3374 1233 3476 juberent.

735 3586 811 3669 Ad
840 3586 946 3669 515.

255 3753 335 3834 Lex
355 3751 509 3854 Seguer.
529 3782 565 3856 p.
585 3753 684 3830 263:
715 3747 906 3853 θαργήλια
926 3747 960 3824 δ’
979 3755 1056 3828 ἐστὶ
1076 3747 1213 3839 πάντες
1234 3755 1276 3829 οἱ
1300 3750 1391 3832 ἀπὸ
1413 3757 1483 3850 τῆς
1499 3756 1553 3863 γῆς

148 3883 304 3980 καρποί.
334 3878 557 3981 (Thargelia
575 3893 662 3959 sunt
681 3905 809 3957 omnes
828 3891 947 3957 terrae
968 3882 1140 3972 fructus.)

255 4024 377 4127 Etym.
398 4024 498 4125 Mag.
517 4053 553 4127 p.
572 4026 670 4102 443:
703 4019 926 4126 (lapynltaiv
955 4020 993 4098 δὲ
1020 4012 1043 4098 o‘
1066 4018 1278 4110 ἑνδέκατος
1295 4024 1393 4123 μὴν
1414 4027 1552 4131 ὄνομά.

151 4157 275 4244 ζειαι,
304 4153 382 4225 ἐπεὶ
401 4144 487 4223 τότε
507 4139 529 4223 ὁ
551 4143 655 4237 ἥλιος
675 4144 844 4248 πυρώδης
873 4153 951 4224 ἐστὶ
979 4151 1049 4222 καὶ
1077 4153 1120 4223 ἐν
1145 4144 1281 4249 τούτῳ
1315 4155 1378 4255 τῷ
1396 4164 1495 4255 μηνὶ
1512 4158 1549 4232 m*

149 4275 212 4367 τῆς
231 4273 299 4380 γῆς
318 4267 423 4365 ἄνθη
443 4270 730 4376 ἀνεξηραίνετο·
758 4269 836 4350 ἀπὸ
858 4271 933 4349 τοῦ
954 4279 1082 4375 θέρειν
1100 4264 1175 4349 οὖν
1193 4270 1272 4365 τὴν
1293 4279 1381 4382 γῆν
1401 4283 1451 4360 τὸ
1473 4291 1552 4383 θερ-

145 4398 228 4501 μὸν
247 4398 446 4506 θάργηλον
465 4397 694 4499 ὠνόμασται.
717 4402 968 4503 (Thargelion
987 4415 1140 4480 vocatur
1157 4407 1309 4484 mensis
1326 4413 1552 4503 undecimus.

151 4531 238 4633 quia
256 4542 346 4607 tunc
364 4529 419 4608 sol
436 4530 510 4606 urit
527 4531 566 4606 in
584 4531 739 4607 modum
756 4532 876 4628 igme,
906 4542 944 4606 et
968 4531 1039 4609 hoc
1057 4555 1185 4606 mense
1206 4543 1345 4614 terrae
1364 4540 1483 4618 flores
1502 4568 1550 4619 ex·

150 4657 395 4737 siccabantur.
432 4655 558 4749 Quum
576 4656 689 4757 igitur
708 4655 810 4733 calor
830 4667 969 4733 terram
989 4657 1215 4754 arefecerat,
1236 4660 1335 4740 ideo
1359 4663 1551 4769 θάργηλον

151 4792 305 4862 vocatus
325 4784 412 4874 est.)

257 4923 487 5030 Hesychius:
510 4917 582 5000 Ἐν
609 4934 688 5012 τοῖς
710 4926 935 5029 Θαργηλίοις
963 4921 1032 5011 τὰς
1056 4918 1239 5024 ἀπαρχάς
1254 4927 1356 5008 cair
1365 4939 1547 5036 φαινομέ-

152 5077 232 5130 νων
261 5054 456 5127 ποιεῖσθαι
484 5054 553 5124 και
583 5054 855 5150 περικομίζειν.
897 5054 1030 5147 (Festo
1048 5053 1545 5170 'Phargelicmmpfimitiae

153 5184 246 5260 tant
264 5179 524 5284 apparentium
542 5179 728 5258 fructuum
748 5192 785 5258 et
804 5179 1204 5257 etmnmvahantune
1395 5195 1433 5247 a

1529 5200 1592 5339 l
