3436 5790
744 407 853 458 aacrs
870 402 979 458 sont.
1473 383 1549 460 315

173 591 370 692 όποδοχῆς
388 628 429 673 τι
446 595 524 673 τῶν
542 600 698 673 ἐκεῖθεν
716 600 959 695 φροντίζειν,
989 599 1056 670 καί
1076 591 1269 694 προσόδου
1287 594 1352 685 τῆς
1371 592 1462 694 πρὸς
1479 593 1552 672 τόν

175 723 317 823 δῆμον,
346 728 414 798 καί
434 720 541 822 ἕδρας
559 729 602 803 ἐν
619 720 673 821 τῷ
695 720 859 820 θεάτρῳ.
1098 725 1253 816 (Pollux
1272 726 1339 818 ΙΙΙ,
1362 726 1444 817 59.)

806 887 920 963 1237.

277 1012 501 1089 Procurator
519 1009 709 1110 hospitalis
729 1010 920 1110 publicam
938 1011 1041 1086 urbis
1060 1011 1286 1112 legationem
1306 1008 1468 1111 hospitio
1487 1037 1548 1086 ex·

174 1139 278 1238 cipit,
297 1139 337 1212 in
356 1138 477 1213 aliena
494 1137 573 1235 ipse
591 1135 738 1211 civitate
759 1136 942 1229 existens,
967 1148 1007 1211 ut
1026 1136 1157 1234 legatis
1177 1136 1316 1210 ibidem
1334 1135 1546 1235 hospitium,

174 1289 410 1362 congressum
429 1260 557 1362 populi
577 1271 614 1335 et
632 1260 757 1336 sedern
776 1265 813 1334 in
831 1261 977 1337 theatro
995 1272 1177 1362 procuret.

269 1560 337 1655 Ἐξ
357 1562 528 1669 ἀνάγκης
547 1570 623 1641 ἐστί
642 1564 697 1664 τῷ
718 1570 888 1665 προξένῳ
907 1557 1090 1640 ἁπάντων
1107 1564 1186 1641 τῶν
1203 1557 1328 1640 αὑτοῦ
1358 1570 1546 1662 συμπολι-

173 1687 246 1763 τόν
263 1697 535 1784 ἐπιμελεῖσθαι.
844 1693 1055 1786 (Demosth.
1073 1717 1103 1769 o.
1123 1691 1283 1794 Oallipp.
1307 1692 1442 1786 1237.)

806 1854 919 1931 1238.

274 1999 434 2075 Necesse
454 2009 510 2073 est
528 1999 758 2098 procuratori
787 1999 962 2100 hospitali
988 1999 1151 2074 omnium
1170 2024 1317 2073 suorum
1338 1997 1548 2074 concivium

173 2149 297 2199 curam
316 2122 463 2199 habere.

812 2231 924 2306 1239.
985 2270 987 2275 ·

279 2378 366 2455 Τοῖς
386 2375 579 2468 προξένοις
598 2367 695 2445 εἰναι
714 2369 780 2473 γῆς
799 2375 868 2445 καί
888 2373 1016 2455 οἰκίας
1037 2371 1215 2472 έγιιτησιν
1243 2375 1311 2444 καί
1341 2375 1547 2447 ἰσοτέλειαν

172 2500 235 2569 καί
255 2492 470 2590 ἀσφάλειαν
490 2501 558 2569 καί
579 2491 745 2571 ἀσυλίαν
762 2501 831 2569 καί
851 2499 1020 2592 πολέμου
1044 2498 1112 2568 καί
1141 2491 1287 2593 εἰρήνης
1315 2486 1449 2586 οὔσης,
1478 2502 1546 2570 καί

172 2619 267 2694 κατοὶ
287 2620 360 2725 γην
379 2626 447 2696 καί
466 2618 568 2695 aurci
591 2619 797 2697 θάλατταν.

556 2749 740 2849 (Boeckh.
760 2775 861 2850 corp.
881 2749 1046 2850 inscript.
1065 2774 1121 2846 gr.
1145 2748 1246 2822 1562
1262 2748 1439 2841 -1567.)

759 2907 762 2915 ’
801 2909 916 2985 1239.

272 3052 537 3131 Procuratores
556 3051 761 3154 hospitales
790 3053 934 3153 possint
961 3078 1072 3151 agros
1100 3064 1137 3130 et
1162 3052 1293 3130 domos
1318 3032 1561 3152 comparare,¹

169 3176 329 3253 habeant
356 3180 526 3282 aequalia
552 3205 637 3255 cum
660 3178 803 3255 civibus
818 3178 920 3278 jura,
950 3178 1259 3280 securitatemque
1279 3191 1317 3254 et
1335 3179 1545 3253 immunita-

168 3312 239 3377 tem
259 3313 358 3381 terra
377 3305 541 3405 marique
561 3315 728 3404 tempore
747 3302 836 3380 belli
856 3312 894 3378 et
912 3303 1025 3404 pacis.

269 3585 460 3688 Σόμβολά
480 3591 577 3665 εἰσιν
596 3588 636 3662 αἰ
657 3585 867 3676 συνθῆκαι,
898 3578 942 3673 όίς
961 3579 1012 3659 όῖν
1030 3579 1206 3676 ἀλλήλαις
1225 3587 1264 3660 αἰ
1283 3581 1408 3671 πόλεις
1429 3590 1544 3683 θέμε-

166 3742 227 3790 ναι
246 3713 406 3789 τάττωσι
424 3725 503 3801 τοῖς
521 3717 704 3803 πολίταις,
725 3706 819 3787 ὥστε
839 3707 987 3785 διδόναι
1006 3715 1074 3784 καί
1094 3708 1310 3809 λαμβάνειν
1329 3707 1375 3784 τό
1398 3708 1542 3790 δίκαια.

1133 3840 1435 3940 (Harpocratic)

801 3947 914 4022 1240.

266 4074 501 4176 Reciperatio
520 4087 609 4152 sunt
626 4087 737 4176 pacta
755 4084 961 4168 conventa,
991 4098 1086 4172 quae
1115 4072 1284 4148 civitates
1312 4071 1409 4146 inter
1427 4097 1467 4147 se
1486 4073 1541 4147 in-

163 4211 267 4294 eunt,
296 4211 338 4274 ut
357 4201 456 4278 cives
476 4200 532 4276 sui
550 4199 677 4277 debita
691 4202 779 4301 jura
796 4197 957 4274 invicem
975 4197 1142 4274 tribuant
1159 4196 1424 4297 accipiantque.

798 4356 912 4434 1241.

266 4479 375 4580 Πρός
402 4478 469 4569 τοὶς
497 4477 621 4567 πόλεις
649 4487 691 4557 ἐν
718 4489 798 4566 τοῖς
825 4475 1033 4580 συμβόλοις
1058 4483 1274 4556 συνθέσθαι
1307 4474 1361 4580 μὴ
1400 4486 1540 4571 ἐξεῖναι

157 4606 253 4703 μήθ’
272 4603 391 4706 εἷρξαι
405 4606 500 4706 μήτε
519 4605 630 4699 δῆσαι
647 4603 719 4683 τόν
741 4603 966 4705 ἐλεύθερον·
996 4602 1067 4683 ἰόν
1086 4604 1127 4682 δέ
1143 4637 1197 4692 τις
1215 4605 1387 4706 παραβῇ,
1412 4604 1539 4711 μεγά-

162 4739 229 4824 λην
249 4738 388 4833 ζημίαν
406 4738 466 4809 ἐπὶ
486 4730 636 4818 τούτοις
657 4737 811 4808 θέσθαι.
1546 4824 1548 4831 Ι

816 4840 1015 4936 (Andocid.
1040 4868 1070 4917 c.
1091 4840 1274 4920 Alcibiad.
1295 4837 1328 4942 §.
1351 4842 1432 4933 18.)

797 5006 910 5081 1241.

266 5128 446 5209 Civitates
465 5141 575 5233 pacta
594 5143 780 5210 conventa
798 5131 895 5206 inter
915 5158 953 5206 se
971 5129 1109 5227 ineant,
1129 5127 1315 5207 hominem
1334 5131 1539 5231 ingenuum
