3436 5790
240 377 319 454 294
783 399 847 449 ms
865 397 1076 455 cumcun.

239 590 357 667 τοῦτο
371 585 570 691 χρήματα·
599 583 799 678 ἐπιστάσης
818 582 858 661 δὲ
887 583 954 678 τῆς
981 587 1131 688 ἐορτῆς,
1160 583 1419 694 ἀγωνίζονται
1437 587 1530 690 πρὸς
1549 584 1625 667 αἰλ-

240 714 378 810 λῆλους
397 717 435 792 οί
446 719 612 820 χορηγοὶ
630 719 700 791 καί
718 717 933 815 ἐρίζουσιν,
958 708 1107 814 ὕμνους
1126 719 1179 804 είς
1197 712 1269 794 τὸν
1286 713 1480 795 Διόνυσον
1497 712 1624 818 ᾅδον-

239 872 317 929 τες·
350 845 419 915 καί
446 840 501 941 τῴ
529 839 689 917 νικῶντι
717 842 873 939 τρίπους
901 835 945 915 τὸ
975 832 1105 917 ἆθλόν
1131 847 1229 919 ἐστι·
1257 849 1470 944 παυομένης
1497 841 1537 923 δὲ
1555 842 1623 936 τῆς

240 967 388 1068 ἑορτῆς,
418 972 461 1043 ἐν
478 964 532 1064 τῷ
552 963 686 1065 πρώτῳ
701 969 794 1063 μηνί
814 962 1099 1065 προβάλλονται
1129 968 1167 1041 οἱ
1185 972 1349 1071 χορηγοὶ
1368 967 1433 1058 τῆς
1448 965 1622 1068 μελλού-

240 1119 302 1185 σης
321 1093 447 1194 ἑορτῆς
570 1091 776 1194 (Anonymi
796 1106 1005 1193 argumenn
1024 1096 1064 1172 in
1080 1095 1273 1173 Demosth.
1294 1096 1382 1175 nfid.
1401 1097 1513 1191 510.)

343 1364 501 1442 Lenaeis
528 1373 675 1440 creatur
700 1255 1101 1462 choragus9iiingulis
1129 1363 1280 1441 tribubu
1350 1364 1412 1464 qui
1432 1364 1564 1442 choros
1583 1375 1622 1441 ct

238 1516 434 1594 puerorum
464 1502 500 1566 et
528 1491 692 1566 viromm
710 1490 807 1585 alat3
835 1500 873 1566 et
901 1489 948 1567 ad
980 1515 1063 1566 eam
1090 1517 1168 1568 rem
1196 1490 1281 1566 huic
1307 1491 1470 1593 pecunia
1491 1490 1619 1567 datur.

238 1621 392 1694 Festum
409 1629 534 1693 autem
557 1643 672 1716 quum
700 1616 928 1711 celebratur,
957 1628 1102 1693 certant
1129 1629 1167 1693 et
1195 1615 1428 1693 contendunt
1453 1616 1553 1692 inter
1580 1642 1619 1692 se

236 1743 388 1840 choragi
408 1741 633 1817 carminibus
651 1741 690 1816 in
709 1741 848 1817 Bacchi
866 1740 1017 1818 laudem
1035 1741 1251 1832 cantandis,
1280 1753 1318 1817 et
1346 1741 1479 1817 victori
1498 1742 1620 1843 tripus

236 1869 443 1968 praemium
462 1877 527 1941 est.
566 1864 657 1941 Post
675 1879 869 1966 peractum
887 1865 1024 1942 festum
1048 1867 1169 1966 primo
1187 1891 1314 1944 mense
1334 1879 1510 1943 creantur
1528 1866 1618 1943 cho-

237 1993 316 2090 ragi
336 1990 451 2068 futuri
470 1990 564 2066 festi.

881 2096 970 2173 925.

337 2215 388 2297 ‘0
406 2215 507 2313 ἅπαξ
521 2217 737 2324 χορηγῆσας
756 2217 1037 2297 ἀπαλλάσσεται
1056 2221 1127 2297 τοῦ
1142 2234 1338 2328 χορηγεῖν.

714 2349 856 2443 (Schol.
876 2350 916 2426 in
933 2352 1124 2427 Demosth.
1145 2352 1291 2452 Leptin
1312 2353 1402 2447 465,
1422 2353 1508 2446 28.)

879 2494 970 2568 925.

341 2602 414 2696 Qui
435 2602 515 2704 jam
541 2602 659 2678 semel
684 2601 788 2678 chori
806 2611 974 2702 sumptus
994 2600 1187 2702 praebuit,
1216 2602 1391 2680 immunis
1410 2614 1468 2680 est
1484 2629 1509 2680 a
1526 2602 1616 2679 cho·

235 2728 314 2826 ragi
333 2754 496 2804 munere.

879 2835 968 2911 926.

342 2942 388 3015 Οί
417 2936 692 3015 πλουσιώτατοι
721 2938 1036 3039 τριηραρχοῦντες
1064 2934 1124 3015 cici
1152 2939 1232 3018 τῶν
1254 2941 1452 3044 χορηγιῶν
1470 2936 1616 3029 ἀτελεῖς

233 3058 486 3166 ὑπάρχουσιν.
888 3071 1099 3163 (Demosth.
1119 3072 1203 3146 adv.
1224 3071 1372 3173 Leptin.
1393 3071 1504 3163 462.)

338 3319 519 3402 Ditissimi
537 3322 693 3423 quique,
721 3321 810 3397 dum
828 3213 1045 3397 miiaiihia
1063 3321 1286 3419 funguntur,
1315 3345 1462 3421 semper
1480 3319 1613 3396 immn-

233 3475 300 3525 nes
319 3460 405 3524 sunt
423 3475 446 3523 a
464 3449 648 3546 choragia.

881 3557 969 3631 927.
1030 3496 1036 3509 x

334 3657 405 3736 Ἐν
432 3657 476 3757 τῇ
505 3664 690 3760 ἐκκλησίᾳ
718 3658 790 3736 τὸν
817 3655 991 3758 ἄρχοντα
1019 3657 1253 3756 ἐπικληροῦν
1272 3668 1349 3744 τοῖς
1362 3668 1500 3756 χοροῖς
1518 3656 1613 3744 τούς

231 3780 408 3878 αὐλητάς.
923 3788 1133 3882 (Demosth.
1152 3788 1191 3862 in
1209 3786 1372 3862 Midian.
1394 3789 1503 3879 519.)

336 4042 382 4117 In
400 4040 579 4118 concione
598 4037 711 4117 debet
728 4038 870 4117 archon
879 3932 1012 4117 iiiris
1030 4038 1201 4116 tibicines
1220 4039 1350 4115 sortito
1369 4039 1469 4117 darc.

335 4888 371 4957 Γ
367 4884 638 4982 υμνασίυρχος·
654 4880 692 4957 δὲ
713 4874 736 4958 ὃ
757 4887 934 4979 παρέχων
960 4872 1148 4957 τοῦλαιον
1173 4890 1253 4968 τοῖς
1281 4887 1612 4984 γιηιιναζοιιένοις,

227 5013 297 5085 καί
316 5009 506 5107 κρατῆρας
526 5012 708 5104 πίμπλησι
726 5020 807 5096 τοῖς
823 5011 1076 5108 βουλομένοις
1093 5006 1257 5109 δηιιοσίρ
1270 5014 1468 5109 χρίεσθαι.

706 5137 847 5232 (Schoi
866 5139 906 5212 in
922 5136 1116 5216 Demosth.
1135 5139 1284 5240 Leptin.
1304 5139 1394 5233 465,
1415 5140 1500 5231 28.)
