3436 5790
565 446 875 511 commaneamus
894 449 948 501 au
965 440 1058 509 rus.
1069 441 1157 503 nu.-
1477 423 1559 523 510

165 639 234 724 reli
260 641 411 719 affeetui
438 639 693 742 prooreandue
721 639 861 717 sobolis
890 651 1047 741 pareant
1077 651 1115 717 et
1142 637 1409 741 tempestivum
1425 640 1557 719 ineant

162 765 450 849 matrimonium.

275 890 450 969 Clemens
469 889 744 969 Alexandrinus
768 888 905 996 Strom.
926 891 974 986 Π,
1003 918 1038 991 p.
1061 891 1137 967 505
1166 891 1224 969 ed.
1254 890 1405 969 Pontes:
1434 879 1555 967 ὁτῶν

163 1009 367 1088 Λακώνων
388 1018 600 1110 νομοθέτης
619 1008 697 1088 οὐκ
718 1007 891 1114 ἀγαμίου
906 1010 1036 1107 μόνον
1055 1015 1248 1108 ἐπιτίμιον
1269 1013 1434 1104 ἔστησεν,
1453 1006 1559 1101 ἀλλά.

158 1141 411 1242 μυνυγαμίου
431 1143 501 1215 καί
520 1135 751 1242 ὀψιγαμίου.
790 1140 1002 1233 (Laeonum
1026 1141 1220 1238 legislator
1238 1166 1314 1218 non
1333 1141 1454 1221 solum
1472 1164 1554 1216 cae·

162 1265 300 1345 libatus
329 1291 491 1369 poenam
520 1265 732 1354 constituit,
760 1263 826 1340 sed
853 1261 1085 1358 autemillis,
1115 1266 1179 1366 qui
1197 1264 1314 1342 semel
1332 1275 1479 1343 tantum
1496 1261 1557 1339 vel

163 1392 227 1492 qui
246 1418 329 1468 sero
348 1417 503 1471 uxorem
522 1391 749 1480 duxissent.)

273 1514 486 1593 Secundum
520 1515 753 1593 Platonis
781 1513 939 1613 Leges
970 1514 1081 1609 (⁷⁷4,
1101 1512 1264 1608 A-B):
1293 1513 1444 1615 Siquis
1472 1538 1557 1592 oneq

163 1638 245 1718 lobs
263 1641 417 1739 triginta
436 1641 601 1740 quinque
619 1664 738 1716 annos
757 1639 862 1730 vixit,
880 1640 1075 1717 mulctator
1094 1640 1290 1741 quotannis
1309 1639 1373 1740 qui
1392 1640 1560 1740 maximo

165 1791 280 1844 sensu
298 1778 355 1842 est
374 1764 562 1842 drachmis
587 1778 758 1856 centum,
786 1765 849 1864 qui
868 1764 1052 1860 seeundo,
1082 1766 1341 1868 septuaginta,
1369 1767 1480 1842 tertio
1499 1791 1558 1843 τοι

163 1893 336 1990 aginta,
356 1890 475 1991 etqui
495 1902 648 1990 quarto,
675 1889 851 1987 trigints3
879 1889 991 1989 idque
1010 1889 1155 1967 Junoni
1174 1915 1322 1970 ssorum
1341 1902 1433 1971 suto.
1471 1889 1557 1967 Non

162 2016 382 2116 persolvens
411 2026 536 2093 sutem
562 2016 602 2092 in
630 2014 798 2113 singulos
825 2040 943 2090 annos
971 2014 1173 2116 decuplum
1202 2014 1349 2095 debeto.
1388 2012 1437 2095 Et
1464 2015 1557 2107 huso

163 2141 316 2242 quidem
335 2141 552 2242 pecuniaria
571 2140 672 2241 ejus,
693 2140 755 2239 qui
776 2164 931 2217 uxorem
948 2139 1083 2217 duoere
1103 2167 1179 2219 non
1200 2142 1295 2237 vult,
1314 2165 1439 2243 poena
1457 2151 1558 2239 θεῖος

162 2265 303 2345 honore
322 2277 490 2342 autema
510 2263 724 2364 junioribus
742 2262 915 2341 habendo
934 2265 1103 2364 privator
1128 2267 1251 2360 omni,
1279 2292 1402 2367 neque
1429 2265 1556 2349 adole·¹

161 2414 273 2467 soens
292 2387 389 2466 ullus
406 2387 511 2466 ulls
500 2414 539 2465 rn
558 2414 598 2464 re
617 2399 752 2489 sponte
770 2413 804 2464 er
794 2385 987 2466 obedito.

273 2513 386 2617 Apud
402 2515 595 2592 Romanos
613 2537 681 2616 per
698 2512 821 2613 legem
833 2513 977 2591 Julian
998 2479 1157 2593 caelibes
1176 2516 1473 2617 prohibebantur
1492 2482 1558 2597 hs-

162 2641 341 2720 reditates
358 2640 558 2740 legataque
584 2651 808 2719 testamento
835 2666 982 2741 capere.
1011 2639 1126 2733 (G
1082 2667 1105 2717 a
1108 2668 1149 2740 Ji
1178 2641 1343 2721 Instit
1373 2643 1422 2736 11,
1442 2641 1557 2737 286.)

270 2764 467 2843 Sozomeni
496 2765 624 2842 histor.
651 2765 781 2841 eccles.
800 2767 831 2859 1,
851 2765 895 2839 9:
924 2754 1106 2861 Νόμος
1083 2791 1132 2853 ην
1152 2755 1363 2862 Ῥωμαίοις
1391 2761 1554 2853 παλαιός

162 2885 241 2962 ἀπὸ
262 2887 386 2962 είκοσι
414 2893 482 2963 καί
512 2894 621 2964 πέντε
649 2886 767 2976 ἑτῶν,
797 2886 875 2964 τῶν
904 2887 999 2963 ἰσων
1027 2883 1239 2978 ἀξιοῦσθαι
1269 2886 1435 2966 κωλύων
1461 2885 1555 2976 soris

162 3009 338 3117 ἀγάμους
365 3024 445 3101 τοῖς
468 3012 522 3113 μή
553 3020 767 3103 τοιούτοις,
797 3016 880 3112 πυρί
903 3005 1006 3089 ἀλλα
1033 3044 1073 3089 τι
1102 3012 1249 3105 πολλά,
1278 3022 1348 3091 καί
1374 3013 1556 3117 τὸμηδὲν

162 3136 450 3238 κιαδαίνιιινίκ
470 3138 660 3233 διαθήκης
686 3138 807 3226 τοιίς
826 3136 893 3238 μὴ
922 3144 1057 3244 γένει
1085 3139 1347 3246 ἐγγυτάτω
1375 3139 1555 3244 προσή-

163 3293 366 3352 κοντας.
394 3269 534 3362 (Vetus
559 3270 619 3346 lex
643 3271 712 3348 fuit
729 3269 830 3371 apud
849 3269 1060 3364 Romanos,
1089 3296 1184 3370 quae
1206 3271 1377 3368 vetabat,
1405 3297 1454 3348 ne
1471 3295 1555 3349 ose·

162 3392 257 3474 libes
277 3395 324 3469 ab
344 3419 444 3471 anno
463 3395 593 3473 astatis
613 3396 742 3494 quinto
760 3419 806 3469 ao
823 3394 999 3471 vicesimo
1023 3397 1105 3498 pari
1126 3396 1212 3495 jure
1231 3407 1357 3473 essent
1375 3420 1462 3473 uum
1478 3420 1554 3473 ma·

163 3519 263 3612 ritis,
283 3532 362 3596 tum
380 3520 419 3597 in
438 3521 519 3596 aliis
538 3521 707 3621 plurimis
726 3519 858 3611 robus,
877 3531 958 3595 tum
976 3520 1015 3594 in
1035 3545 1098 3613 eo,
1118 3531 1161 3596 ut
1178 3518 1271 3607 nihil
1289 3544 1310 3596 e
1330 3502 1554 3599 testamento

163 3655 361 3744 saperent,
390 3647 469 3745 qni
498 3670 591 3722 non
619 3657 790 3723 essent
817 3669 1004 3744 genero
1032 3645 1284 3745 proximi.)

271 3785 344 3863 sed
365 3786 631 3865 Constantinus
649 3787 810 3886 Magnus
827 3788 951 3884 legem
970 3787 1066 3864 hanc
1094 3788 1316 3888 abrogavit,
1346 3787 1555 3889 pumpit·

163 3936 256 4012 que,
277 3923 318 3987 ut
336 3913 497 3988 coelibes
515 3915 595 4015 pari
608 3915 714 4014 jure,
735 3904 961 4013 quaestioni
978 3938 1108 3989 omnes
1127 3914 1347 3989 fruerentur.
1378 3906 1553 3988 Πάντων

163 4032 241 4110 τάν
260 4025 413 4130 ὁμοίων
432 4031 647 4112 ἀπολαύειν
662 4034 754 4127 τοῦς
773 4031 957 4139 ἀγάμους.
987 4036 1152 4133 (Ibid.)

739 4246 816 4348 Ad
842 4250 976 4333 1104.

271 4416 393 4517 Hujus
422 4415 515 4515 legis
544 4427 735 4495 assutorem
752 4415 1005 4519 Philippidem
1034 4414 1124 4493 lauit
1150 4412 1337 4515 Orobylua
1365 4413 1551 4507 uomitus,

162 4551 257 4619 teste
277 4541 577 4642 Harpocratione
596 4567 625 4617 s.
645 4567 679 4616 v.
700 4531 759 4613 ὅτι
775 4541 917 4632 χιλίας.

270 4663 444 4743 Clemens
463 4664 665 4748 Alexandr.
685 4667 901 4767 Psedogog.
921 4667 970 4762 11,
989 4692 1071 4767 esp.
1086 4664 1146 4760 10,
1167 4689 1202 4766 p.
1216 4664 1304 4777 233¹.
1325 4665 1383 4743 ed.
1403 4667 1551 4744 Potter:

162 4781 310 4892 ἀγαμαι
339 4786 416 4864 τάν
445 4786 869 4889 Λακιδαιμονίιιντήν
897 4785 1112 4880 silentiu
1140 4784 1330 4878 ααλαιάν,
1360 4781 1385 4878 ἢ
1411 4786 1552 4886 μόναις

162 4924 243 5002 ταῖς
263 4918 402 5013 ἑτέραις
421 4909 774 5008 suntvomitione
793 4919 863 4991 καί
887 4912 1068 5014 χρυσοῦν
1095 4911 1247 5014 κόσμον
1273 4918 1455 5014 ἐπέτρεψε
1473 4941 1552 5007 φο·-

162 5048 265 5136 υιίν,
295 5037 560 5140 ἀφαιρουμένη
579 5037 658 5117 τάν
677 5036 853 5140 δοκίμων
872 5038 1076 5144 γυναικοῖν
1093 5037 1165 5132 τὴν
1183 5042 1471 5137 φιλοκοσμίαν,
1497 5037 1553 5138 τῷ

157 5163 297 5260 μόνοις
318 5152 819 5272 ἐφιῑναιάνυμιιαίζισθαι
839 5177 922 5279 ταῖς
946 5166 1193 5270 ἑταιρούσαις.
1232 5167 1430 5281 (Αάξηὶῐῦῐ
1448 5181 1575 5269 vete-

1273 5293 1340 5358 3⁷*
