3436 5790
223 390 304 466 454
561 411 870 464 connssrsnrns
891 409 943 459 an
964 406 1026 460 235.
1048 407 1111 460 css.
1131 405 1193 459 aas.
1211 406 1277 462 333.

814 594 891 679 Ad
915 594 1032 678 235.

332 764 489 843 Aetatae
508 764 653 842 mediae
673 765 734 840 vel
749 763 828 864 jam
848 785 967 837 novae
988 761 1204 838 comoediae
1231 763 1309 839 lata
1328 763 1410 856 lox,
1441 772 1483 838 ut
1501 788 1620 864 appa·

226 904 321 970 rete
341 889 467 968 verbis
487 888 703 969 Menandri:
732 882 835 962 κατὰ
855 880 980 984 νόμον
999 879 1143 963 καινόν
1160 912 1258 965 τινα.

815 1099 892 1183 Ad
912 1098 1029 1182 2³0.

334 1268 547 1369 Hesychius
565 1296 599 1344 v.
621 1263 908 1350 Πλάτανος·
938 1260 1121 1362 δένδρον,
1153 1258 1246 1360 πρὸς
1274 1255 1297 1338 ὃ
1319 1266 1356 1339 οὶ
1375 1262 1621 1369 γυναικονό-

221 1423 291 1494 μοι
319 1388 387 1479 τάς
416 1393 549 1489 ζημίας
578 1397 622 1468 ἐν
652 1386 869 1490 λευκῶματι
888 1391 1123 1481 ἐξετίθεσαν.
1172 1392 1392 1488 (Platanos,
1428 1392 1545 1471 arbor
1570 1395 1620 1470 ud

225 1548 339 1624 quam
367 1521 640 1623 gynaeconomi
669 1519 825 1597 mulctas
854 1519 894 1596 in
922 1516 1052 1595 tabula
1080 1519 1168 1595 albo
1188 1518 1311 1595 colore
1330 1518 1484 1597 inducta
1503 1545 1621 1623 expo-

226 1648 432 1851 nebanliidrc
459 1771 609 1850 videtur
635 1792 952 1871 gynaecocosmos
979 1791 1056 1844 non
1084 1766 1200 1845 fuisse
1228 1768 1400 1846 diversos
1426 1796 1450 1847 a
1473 1794 1620 1873 gynae-

225 1924 402 1978 conomrs.

332 2023 444 2128 Apud
462 2023 694 2127 Hesychium
712 2032 910 2099 occurrunt
928 2021 1038 2098 eham
1070 2016 1336 2116 Τιμποῦρο
1347 2045 1360 2092 ι
1371 2049 1384 2092 .·
1412 2014 1513 2119 ἀρχὴ
1532 2025 1620 2097 ἐπι-

221 2153 438 2248 μελουμένη
465 2144 530 2238 τῆς
557 2143 638 2222 τῶν
664 2146 867 2249 γυναικῶν
896 2141 1120 2243 εὐκοσμίας.
1168 2147 1458 2246 (Magistratus,
1489 2174 1621 2228 curam

224 2302 359 2378 gerens
378 2276 571 2354 decentiae
589 2275 816 2370 mulierum.)

333 2422 629 2500 Lacedaemone
646 2444 794 2521 quoque
826 2429 932 2497 erant
963 2419 1203 2515 magistratus
1233 2416 1382 2518 quidam
1412 2443 1527 2521 super
1554 2418 1619 2496 de·

225 2574 310 2628 core
341 2548 582 2642 feminarum,
611 2543 838 2647 Harmosyni
867 2541 1079 2643 nuncupati.
1129 2541 1358 2644 (Hesych.
1395 2571 1423 2621 3.
1452 2572 1489 2622 v.
1519 2534 1620 2644 ‘Ao-

222 2671 422 2771 μόσυνοι).

816 2773 892 2897 so
917 2773 1029 2856 ass.

255 2996 290 3041 .·
333 2940 670 3041 Harpocratio
691 2948 729 3014 ct
749 2936 929 3014 Suidas
955 2966 983 3014 3.
1004 2966 1038 3014 v.
1063 2929 1321 3024 Ἐπίσκοποςε
1341 2938 1415 3033 Qui
1434 2941 1482 3017 ab
1503 2939 1618 3022 Athe·

225 3066 418 3144 niensibus
437 3065 477 3138 in
496 3062 608 3140 urbes
636 3065 821 3158 subjectas
851 3063 1117 3158 mittebantur,
1146 3075 1188 3139 ut
1208 3090 1270 3140 eas
1289 3089 1368 3160 res,
1398 3067 1553 3167 quaein
1574 3067 1620 3144 iis

225 3201 463 3293 gererentur,
498 3189 744 3290 inspicerent,
781 3189 986 3263 ἐπίσκοποι
1025 3203 1062 3268 et
1098 3183 1270 3282 φύλακες
1307 3192 1620 3294 appellabantur,

226 3345 321 3420 quos
340 3314 624 3394 Lacedaemonii
646 3318 832 3394 vocabant
861 3317 1163 3395 Harmostas.

333 3461 432 3538 Hinc
450 3471 610 3564 apparet
628 3463 851 3548 ἐπισκέππας
871 3471 909 3538 33
926 3455 1160 3548 ἐπισκόπους
1178 3488 1294 3539 unum
1310 3462 1482 3564 idemque
1503 3466 1617 3568 signi·

226 3590 368 3669 ficasse.

333 3730 531 3812 Suidas:
553 3725 941 3836 Ἐπιγνιόμονας
966 3727 1054 3809 ἀντὶ
1073 3729 1148 3808 τοῦ
1171 3725 1499 3821 ἐπισκόπους.

817 3945 894 4030 Ad
913 3946 1029 4030 230.

337 4108 546 4189 Scholiasta
582 4122 709 4190 tamen
745 4113 901 4191 adnotat
936 4113 985 4190 ad
1022 4113 1122 4191 hunc
1149 4110 1411 4218 Aristophanis
1447 4141 1617 4193 versum:
1694 4194 1699 4207 ,

228 4229 398 4311 Πλάττει
416 4229 559 4325 καινὴν
578 4230 725 4336 ἀρχήν·
751 4232 800 4312 οὐ
820 4233 894 4340 γὰρ
915 4229 964 4326 ἦν
977 4231 1178 4329 Ἀθήνησι.
1214 4241 1364 4341 (Fingit
1381 4267 1523 4319 novum
1541 4267 1617 4318 ma·

228 4364 448 4463 gistratum3
476 4389 552 4440 non
571 4364 694 4442 fuerat
711 4366 811 4456 enim
829 4361 987 4443 Athenis
1004 4366 1185 4467 ejusmodi
1205 4367 1479 4466 magistratus.)

335 4505 446 4611 Apud
465 4508 781 4588 Lacedaemonios
800 4508 1032 4587 vocabantur
1051 4508 1089 4583 H
1102 4535 1201 4585 arm
1212 4538 1233 4587 0
1244 4520 1363 4606 stae,
1381 4511 1445 4611 qui
1462 4511 1511 4588 ad
1530 4514 1616 4588 sub-

228 4633 325 4712 ditas
344 4634 396 4710 eis
414 4635 527 4710 urbes
547 4659 621 4734 qua
638 4635 817 4737 praefecti
837 4634 1101 4729 mittebantur,
1131 4643 1172 4709 ut
1199 4644 1309 4735 aptos
1338 4633 1501 4713 iacerent
1528 4640 1617 4715 sub·

223 4761 344 4861 jectos
363 4759 568 4838 secundum
587 4759 692 4858 leges
711 4759 873 4836 vivendi.
903 4757 1160 4854 (Maximus
1184 4758 1234 4835 in
1254 4757 1453 4861 Dionys.
1472 4758 1615 4840 Areo·

229 4910 331 4988 pag.
351 4886 397 4962 de
416 4882 597 4960 hierarch.
618 4884 748 4961 eccles.
770 4909 851 4987 cap.
872 4883 929 4979 3.)

335 5028 459 5106 Lexic.
488 5026 641 5127 Seguer.
669 5058 705 5132 p.
726 5032 824 5111 211:
847 5023 900 5106 ‘A
908 5025 1129 5130 ρμοστῆς
1157 5027 1259 5132 παρὰ
1287 5027 1617 5130 Λακεδαιμονίοις

277 5155 405 5229 choico
422 5140 446 5229 d
465 5147 752 5250 ἐκπεμπόμενος
778 5151 998 5256 ἐπιμελητής
1024 5160 1079 5244 εἰς
1101 5147 1284 5250 ὑπήκοον
1301 5153 1416 5235 πόλιν
1435 5153 1617 5259 φούραρ.
