3436 5790
696 342 808 396 asum
825 343 934 397 mss.
1423 324 1502 401 313

117 535 291 640 pelienda
310 562 463 615 suorum
487 536 669 615 cadavera
698 546 852 639 petunt,
880 537 906 612 ii
925 536 1117 615 victoriam
1134 537 1283 616 diffiteri
1304 538 1502 617 videantur

118 674 157 738 et
175 674 372 765 tropaeum
390 690 453 740 eos
473 677 635 741 statuere
654 663 759 740 nefas
777 664 968 740 habeatur.

759 825 872 901 1230.

216 943 343 1024 Ὅταν
370 945 643 1047 πολεμούντων
672 943 778 1034 πόλις
807 939 912 1046 ἁλῷ,
941 945 1018 1022 τόν
1047 943 1213 1022 ἑλόντων
1241 945 1338 1023 εἶναι
1363 953 1431 1024 καὶ
1451 947 1497 1023 τοὶ

117 1068 274 1171 στόματα
293 1072 371 1148 τῶν
389 1080 431 1150 ἐν
449 1072 496 1170 τῇ
515 1071 620 1149 πόλει
639 1077 707 1146 καὶ
726 1069 773 1146 τὰ
788 1070 978 1171 χρήματα.

728 1200 965 1302 (Xenophon
985 1199 1123 1303 Oyrop.
1144 1201 1229 1296 VII,
1252 1206 1287 1297 5,
1309 1203 1391 1293 73.)

750 1365 863 1440 1230.

224 1488 345 1590 Capta
373 1514 501 1566 eorum
530 1488 644 1585 urbe,
680 1489 742 1589 qui
771 1491 909 1565 bellum
938 1490 1019 1565 aliis
1048 1488 1206 1583 faciunt,
1236 1500 1311 1563 tam
1339 1514 1498 1591 corpora

114 1615 283 1708 illorum,
312 1614 374 1713 qui
402 1615 554 1689 suntin
581 1615 692 1709 urbe,
723 1640 834 1713 quam
862 1614 1033 1690 fortunae
1062 1615 1100 1689 in
1126 1641 1252 1690 eorum
1277 1625 1497 1713 potestatem

114 1737 292 1834 veniunt,
322 1738 385 1839 qui
404 1740 536 1816 urbem
555 1740 716 1841 sapiunt.

759 1863 872 1940 1231.

227 1983 282 2063 Tri
310 1992 579 2086 παραιρεῖσθαι
607 1985 685 2061 τῶν
713 1990 908 2085 πολεμίων
935 1991 1006 2062 καὶ
1033 1987 1316 2084 καταφθείρειν
1329 1983 1496 2087 ωοόρια,

114 2116 288 2210 λιμένας,
318 2110 466 2202 πόλεις,
497 2105 660 2209 όῖνδρας,
693 2112 810 2202 ναῦς,
830 2108 1026 2210 καρπούς,
1047 2105 1167 2187 τότ’λλα
1186 2109 1232 2186 τό
1252 2109 1401 2198 τούτοις
1422 2140 1497 2185 πα-

115 2235 323 2338 ραπλήσια,
353 2236 402 2312 δι’
431 2227 486 2312 ὦν
512 2237 602 2323 τούς
626 2242 701 2334 μὲν
739 2230 995 2325 ὑπεναντίους
1031 2233 1324 2337 ἀσθενεστέρους
1362 2231 1414 2312 dir
1440 2268 1496 2324 τις

114 2362 291 2454 ποιήσαι,
322 2361 368 2437 sd
390 2362 428 2438 δὲ
449 2371 608 2462 σφέτερα
627 2362 830 2468 πράγματα
849 2370 918 2438 καὶ
938 2361 1003 2450 τὰς
1033 2360 1213 2460 ἐπιβολὰς
1233 2361 1496 2461 δυναμικωτέ-

114 2513 198 2587 ρας·
226 2489 347 2564 ταυτα
367 2485 659 2593 ἀναγκάζουσιν
678 2492 714 2565 οἱ
742 2486 813 2565 τοῦ
846 2494 1014 2587 πολέμου
1042 2485 1154 2586 νότιοι
1182 2493 1252 2562 καὶ
1281 2484 1326 2562 τό
1355 2487 1497 2563 τούτου

114 2611 249 2688 δίκαια
270 2612 377 2714 δρᾶν.
1006 2615 1163 2717 (Polyb.
1183 2612 1229 2711 V,
1252 2615 1313 2711 11,
1334 2615 1389 2708 3.)

754 2724 867 2802 1231.

220 2851 448 2930 Munitiones
465 2852 644 2946 hostium,
672 2863 825 2955 portus,
854 2854 985 2948 urbes,
1015 2850 1134 2947 viros,
1164 2876 1301 2947 naves,
1331 2850 1494 2945 frustuS,

113 2978 239 3054 ethos
257 3004 376 3075 genus
397 2979 487 3068 alia,
517 3003 699 3079 occupare
727 2988 791 3054 aut
818 2977 994 3078 perdere,
1024 2987 1064 3052 ut
1092 3003 1137 3053 eo
1165 2988 1276 3076 paeto
1296 3002 1354 3052 res
1373 2976 1494 3052 inimi·

113 3129 240 3179 corum
267 3115 493 3200 atterantur,
532 3104 706 3206 propriae
736 3116 860 3181 autem
898 3105 1174 3204 adaugeantur,
1215 3118 1252 3181 et
1279 3105 1326 3180 ad
1354 3105 1494 3182 exitum

112 3231 266 3305 consilia
283 3229 428 3306 facilius
447 3229 719 3331 perducantur,
747 3231 793 3306 ad
823 3231 915 3307 haec
934 3229 1106 3307 facienda
1122 3231 1225 3330 leges
1245 3241 1283 3307 et
1294 3230 1384 3331 jura
1402 3230 1493 3305 belli

114 3367 261 3454 cogunt

745 3464 857 3539 1232.

220 3584 352 3662 Πᾶσιν
380 3583 477 3661 εἶναι
506 3583 771 3678 καθεστηκός,
810 3586 942 3676 ἰόντας
970 3592 1031 3663 ἐπὶ
1058 3584 1128 3679 τόν
1155 3582 1350 3678 ἀλλήλων,
1381 3584 1493 3687 ἱερῶν

111 3709 190 3787 τῶν
208 3709 378 3788 ἐνόντων
397 3709 618 3807 ἀπέχεσθαι.
749 3822 851 3898 1232
1006 3714 1195 3816 (Thucyd.
1216 3715 1282 3809 IV,
1304 3716 1387 3806 97.)

218 3946 393 4027 Omnium
418 3961 496 4025 esto
527 3949 759 4045 institutum,
800 3959 841 4025 ut
867 3950 966 4026 inter
993 3974 1033 4025 se
1062 3975 1192 4048 agrurn
1220 3947 1442 4024 invadentes
1471 3972 1493 4024 a

109 4075 278 4175 templis,
307 4102 401 4176 quae
421 4076 524 4153 ineo
544 4085 650 4171 sunt,
681 4075 905 4152 abstineant.

746 4236 859 4312 1233.

221 4354 300 4434 Τόν
328 4355 366 4433 δὲ
396 4353 519 4455 νόμον
545 4367 623 4445 τοῖς
643 4351 826 4449 ’Ἓλλησιν
854 4355 952 4435 εἶναι
964 4415 975 4448 ,
1004 4346 1061 4435 τόν
1089 4350 1140 4434 dr
1157 4349 1182 4456 ᾗ
1200 4356 1245 4434 τό
1265 4353 1404 4459 κράτος
1423 4358 1488 4453 τῆς

106 4478 176 4588 γῆς
196 4481 353 4572 ἑκάστης
374 4475 420 4574 όν
438 4513 478 4557 τε
498 4487 655 4569 πλέονος
675 4477 726 4575 ἤν
743 4515 782 4558 τε
799 4486 1057 4583 βραχυτέρας,
1086 4482 1322 4561 τούτωνκαὶ
1342 4483 1388 4558 τό
1408 4485 1489 4586 ἱεροὶ

106 4614 184 4685 αιέἰ
203 4612 430 4712 γίγνεσθαι,
459 4607 612 4708 τρόποις
642 4608 930 4711 θεραπευόμενα
953 4607 1009 4697 οἷς
1038 4606 1089 4687 όν
1117 4609 1208 4711 πρός
1232 4622 1311 4698 τοῖς
1330 4612 1488 4688 εἰωθόσι

106 4740 175 4809 καὶ
197 4732 398 4813 δύνωνται.
738 4842 756 4920 1
1004 4738 1192 4841 (Thucyd.
1212 4740 1277 4836 IV,
1299 4741 1381 4833 98.)

763 4846 850 4923 233.

215 4967 304 5047 Esto
331 4983 452 5047 autem
473 4969 703 5049 Graecorum
730 4971 968 5067 institutum,
986 4984 1026 5049 ut
1044 4998 1159 5074 penes
1179 4999 1271 5076 quos
1289 4976 1400 5051 fuerit
1418 4976 1484 5050 im-

105 5091 251 5198 perium
269 5097 447 5198 cujusque
467 5100 645 5198 regionis,
676 5100 753 5175 sive
782 5127 940 5201 magnae
970 5101 1047 5177 sive
1076 5124 1235 5202 parvae,
1265 5126 1381 5205 penes
1406 5127 1483 5177 eos·
