3436 5790
167 377 244 451 468
508 396 817 448 consuescamus
839 395 889 445 sn
909 392 973 449 seo.
994 392 1057 447 scr.
1076 392 1139 447 ser.
1159 389 1221 445 ars.

164 583 404 685 rautnoldus,
433 580 504 675 τὴν
531 588 585 671 εἰς
614 583 764 675 Δῆλον,
792 579 864 674 τήν
893 589 936 658 ἐν
967 580 1191 679 Βραυρῶνι,
1222 577 1293 672 τήν
1321 580 1399 657 τῶν
1426 574 1555 678 Ἤρα-

165 709 352 801 aleator,
381 707 453 800 τὴν
477 706 732 787 Ἐλευσίναδε,
772 714 841 806 (Ηί
871 739 983 812 quum
1003 712 1130 786 decern
1154 720 1280 784 essent
1299 710 1482 786 sacrificia
1500 710 1553 786 of-

164 840 337 917 ferebant
355 839 668 940 quinquennalia,
698 862 831 939 nempe
851 837 889 912 in
909 835 1065 927 Delum,
1094 836 1132 908 in
1152 835 1405 930 Brauronem,
1436 835 1554 912 Hera-

165 965 345 1043 clidarum
365 976 402 1040 et
419 965 459 1039 in
478 963 723 1056 Eleusinem.)

271 1089 574 1191 Quinquennalia
591 1090 774 1166 sacrificia
792 1088 964 1167 absoluto
985 1085 1230 1189 quadriennio
1250 1083 1401 1162 fiebant.
1445 1173 1448 1180 .

270 1215 327 1292 cf.
348 1213 666 1291 Commentarium
685 1213 732 1290 ad
753 1213 841 1290 267.

754 1425 829 1508 Ad
848 1424 964 1506 330.

270 1592 393 1671 Schol.
412 1593 451 1668 in
470 1592 711 1679 Demosthen.
732 1591 883 1670 Midian.
904 1591 993 1685 570,
1014 1580 1289 1686 7εἾεροποιὸν
1308 1630 1360 1643 -
1378 1581 1450 1660 τὸν
1469 1590 1554 1660 ἐπι-

164 1714 392 1791 σκοποῦντα
411 1712 457 1789 τοὶ
480 1713 658 1811 θύματα,
675 1710 729 1811 μὴ
750 1707 920 1810 ἀδόκιμα
940 1718 1008 1787 καὶ
1030 1709 1138 1809 πηρά.
1168 1714 1407 1808 (Sacrificum
1436 1756 1475 1764 -
1499 1714 1554 1787 in-

163 1844 381 1944 spicientem
400 1844 589 1937 victimas,
619 1867 666 1919 ne
687 1842 761 1919 sint
780 1865 855 1915 non
875 1840 1057 1942 probatae
1077 1852 1114 1915 et
1131 1840 1318 1931 mancae.)

756 2070 832 2154 Ad
852 2070 959 2152 331.

270 2237 498 2339 Hesychius:
514 2229 733 2335 Ἐπιμὴνιοι
754 2236 790 2309 οὶ
810 2236 1008 2332 ἱεροποιοί.
1029 2234 1213 2328 (Sacrifici
1234 2244 1322 2312 sunt
1340 2232 1552 2322 menstrui.)

751 2466 827 2550 Ad
846 2466 965 2550 337.

269 2633 499 2735 Hesychius:
519 2620 763 2734 Ἐξηγητὴςὸ
786 2633 869 2726 περὶ
890 2630 1036 2724 ἱερείων
1055 2630 1123 2702 καὶ
1145 2623 1371 2724 &cooptetur
1390 2624 1551 2730 ἐξηγού-

160 2783 287 2854 μενος·
327 2760 516 2858 (Exegeta
535 2770 613 2851 est,
641 2758 704 2857 qui
725 2782 783 2833 res
805 2783 928 2834 sacras
948 2771 985 2833 et
1004 2767 1150 2834 ostenta
1168 2755 1471 2855 interpretatur.)

270 2899 366 2977 (lum
386 2900 502 2977 Suida
521 2900 760 2977 consentiunt
779 2899 920 2977 Lexica
939 2900 1170 3001 Segueiiana
1190 2930 1227 3004 p.
1247 2900 1335 2977 252.

269 3044 328 3118 De
358 3045 524 3143 exegetis
553 3045 633 3144 agit
661 3046 771 3121 etiam
798 3045 1062 3122 Demosthenis
1092 3044 1210 3122 oratio
1239 3045 1276 3121 in
1296 3043 1484 3141 Evergum
1515 3055 1551 3116 et

162 3165 412 3242 Mnesibulum
432 3195 517 3269 pag.
539 3168 652 3245 1160.

270 3308 406 3385 Munus
426 3309 677 3408 Exegetarum
697 3309 979 3388 Atheniensium
1008 3310 1177 3387 subiecta
1205 3335 1351 3411 quoque
1371 3310 1550 3387 Romanis

163 3431 323 3511 Graecia
351 3434 556 3529 exstitisse,
586 3434 693 3512 docet
721 3434 935 3512 Boeckhius
964 3436 1001 3511 in
1031 3434 1140 3536 Corp.
1170 3436 1278 3511 inscr.
1308 3461 1364 3534 gr.
1393 3462 1428 3510 n.
1459 3433 1548 3528 765,

162 3587 199 3660 p.
221 3559 316 3654 513,
346 3561 408 3636 ubi
436 3559 590 3659 legitur:
623 3563 697 3633 Πο.
726 3558 861 3644 Αἴλιος
892 3556 1058 3657 Φαῖδρος
1075 3553 1266 3644 Σουνιεύς
1294 3553 1375 3642 οἷὸς
1403 3554 1478 3630 τοῦ
1506 3562 1545 3647 ἐξ

163 3677 415 3781 Εὐπατριδῶν
444 3681 702 3785 ἐξηγητοῦ.
742 3686 804 3780 (Ρ.
834 3683 960 3763 Aelius
985 3685 1178 3764 Phaedrus
1206 3686 1418 3778 Suniensis,
1452 3685 1548 3761 filius

160 3810 371 3909 interpretis
391 3835 410 3885 e
430 3836 568 3908 genere
590 3810 910 3911 Eupatridarum.)

269 3952 323 4028 Of.
346 3952 545 4028 Petersen:
575 3951 775 4054 Ursprung
793 3951 870 4028 und
890 3949 1112 4052 Auslegung
1141 3953 1207 4029 des
1227 3952 1391 4052 heiligen
1409 3954 1548 4032 Rechts

161 4077 315 4153 beiden
336 4076 542 4171 Griechen,
571 4081 663 4156 oder
690 4079 748 4156 die
768 4080 962 4176 Exegeten
986 4094 1056 4156 etc.
1090 4079 1309 4178 Philologus
1327 4082 1356 4157 l.
1386 4078 1545 4183 Supple-

163 4204 304 4279 mentb.
325 4203 418 4280 Heft
435 4203 484 4282 II.
507 4203 619 4281 1859.

748 4326 824 4409 Ad
843 4327 956 4409 373.

270 4493 409 4570 Lexica
426 4493 657 4595 Segueriana
675 4520 710 4595 p.
731 4491 824 4587 333,
845 4493 989 4585 Suidas,
1009 4495 1184 4587 Zonaras,
1204 4490 1370 4584 Photius,
1394 4489 1544 4568 Ammo·

160 4619 261 4710 nius,
292 4618 501 4718 Hesychius
520 4619 667 4709 dicunt,
697 4619 1034 4716 agonothetas
1062 4618 1220 4695 scenicis
1247 4616 1360 4711 ludis,
1389 4616 1543 4694 athle-

161 4741 326 4817 thetas
345 4768 433 4817 vero
452 4743 633 4843 gymnicis
653 4743 866 4842 praefuisse.

267 4884 340 4960 Sed
368 4884 588 4960 Plutarchus
616 4885 655 4960 in
683 4883 771 4960 Vita
800 4884 952 4962 Periclis
981 4885 1071 4981 (13,
1097 4885 1146 4979 9)
1175 4912 1251 4961 non
1281 4885 1427 4963 videtur
1461 4911 1541 4963 esse

159 5008 325 5107 ejusdem
353 5010 580 5104 sententiae,
609 5009 660 5083 ita
688 5009 788 5083 enim
814 5009 961 5084 scribit:
990 5009 1152 5087 Pericles
1180 5011 1320 5087 musica
1339 5012 1542 5089 certamina

305 5158 421 5209 enaeo
441 5135 537 5209 festo
555 5132 683 5209 haberi
696 5134 822 5236 jussit,
843 5143 881 5211 et
898 5160 1012 5234 quum
1030 5138 1111 5238 ipse
1132 5137 1263 5215 fuisset
1282 5138 1422 5216 electus
1440 5136 1539 5215 ath·
