3436 5790
550 416 860 470 connumeramus
878 419 931 468 nu
952 415 1015 469 aso.
1035 415 1098 468 soa.
1118 413 1181 468 ste.
1473 391 1551 468 467

162 617 329 684 maturae
359 621 457 685 esset
485 608 660 684 eundum.
700 611 1011 711 (Xenophon.
1041 611 1397 689 Lacedaemon.
1426 634 1550 709 resp.

163 731 309 826 ω’)
751 836 963 922 sasso.

271 1001 431 1079 Additur
449 1011 485 1076 el
504 1003 596 1077 ratio
622 1001 781 1098 ibidem;
811 1004 1004 1079 nimirum:
1035 997 1097 1076 diui
1125 998 1169 1075 τὸ
1198 997 1291 1086 τούς
1319 995 1552 1103 στρατηγούς

163 1123 425 1223 ψευδομένους
452 1128 629 1210 πλείονας
657 1130 919 1224 καταριθμεῖν
947 1131 1054 1230 (quia
1079 1130 1167 1205 belli
1189 1129 1302 1204 duces
1320 1128 1469 1203 mentiri
1491 1155 1548 1201 so·

161 1254 290 1329 lebant
309 1266 346 1328 et
370 1251 495 1353 plures
525 1254 803 1344 annumerare.)

751 1460 826 1544 Ad
845 1461 962 1545 858.

270 1625 559 1702 Athenaeus
588 1625 651 1718 VI,
673 1626 771 1700 234:
800 1627 958 1703 Parasiti
988 1653 1146 1721 nomen,
1175 1629 1296 1728 inquit
1315 1626 1547 1719 Plutarchus,

162 1752 248 1828 olim
276 1752 423 1852 quidem
453 1751 698 1827 honorificum
724 1762 762 1825 et
781 1763 952 1827 sanctum
972 1763 1060 1829 erat.
1098 1754 1254 1830 Polemo
1274 1766 1399 1830 autem
1418 1754 1465 1830 de
1483 1777 1548 1853 pa-

163 1878 284 1953 rasitis
305 1876 520 1952 haecdicit:
550 1877 707 1952 Parasiti
727 1903 865 1953 nomen
884 1904 984 1954 nunc
1004 1879 1155 1979 quidem
1174 1879 1339 1978 ignobile
1359 1890 1429 1972 est,
1450 1878 1549 1979 apud

163 2014 308 2078 veteres
329 2029 418 2079 vero
446 2001 652 2102 reperimus
681 2002 904 2102 parasitum,
934 2029 1081 2079 sacrum
1101 2004 1262 2106 aliquid,
1291 2031 1334 2081 ac
1353 2004 1431 2080 fere
1451 2004 1552 2080 idem

163 2153 245 2202 cum
267 2132 434 2204 consiva.
473 2130 515 2205 ln
540 2126 757 2226 Cynosarge
787 2125 936 2226 quidem
965 2129 1002 2201 in
1023 2129 1193 2206 Herculis
1224 2129 1384 2230 templo,
1407 2141 1471 2205 'est
1490 2155 1551 2205 co·

162 2253 288 2329 lomna
306 2254 509 2352 quaedam,
538 2253 598 2327 oui
625 2253 844 2352 inscriptum
864 2253 1054 2328 decretum
1076 2254 1299 2346 Alcibiadis,
1328 2254 1450 2330 scriba
1469 2253 1550 2330 Ste-

163 2378 288 2480 phano
308 2378 539 2479 Thucydidis
569 2376 664 2470 filio,
694 2378 757 2452 ubi
787 2377 878 2452 haec
903 2380 1092 2476 leguntur:
1122 2379 1379 2454 Menstrua
1405 2406 1551 2458 sacra

163 2505 319 2579 facito
346 2503 580 2579 sacerdos
607 2529 710 2577 cum
734 2503 990 2603 parasitis.
1020 2504 1239 2578 Parasiti
1264 2530 1380 2580 vero
1408 2531 1550 2580 unum

163 2653 183 2704 e
213 2629 382 2705 nothis
411 2639 457 2705 et
486 2655 541 2705 ex
570 2629 740 2704 horum
766 2627 897 2703 filiis
925 2628 1021 2703 sibi
1050 2639 1321 2726 cooptanto
1349 2629 1446 2705 ritu
1474 2658 1549 2731 pa·

162 2756 269 2831 trio.
308 2753 357 2830 si
386 2754 494 2853 quis
523 2778 639 2830 vero
669 2753 887 2854 parasiti
915 2753 1093 2829 officio
1121 2753 1265 2853 fungi
1295 2779 1550 2832 recusave-

163 2881 248 2975 rit,
278 2878 468 2955 referat
495 2878 645 2953 etiam
671 2878 725 2952 de
754 2878 829 2953 his
858 2877 1098 2954 sacerdos
1125 2878 1181 2954 ad
1203 2877 1459 2979 judicium.

268 3004 403 3081 Idem
421 3002 487 3098 VI,
510 3004 606 3078 235:
636 3008 679 3080 In
709 3005 808 3104 regis
838 3004 985 3101 legibus
1013 3005 1067 3078 sic
1092 3004 1370 3105 scriptumest:
1399 3003 1551 3082 Sacra

164 3129 389 3230 Apollini
419 3129 645 3205 faciunto
675 3129 892 3229 parasiti
921 3126 1543 3207 Acharnensium.—Clear·

162 3255 253 3330 chus
273 3281 362 3330 vero
383 3253 550 3329 Solensis
569 3252 716 3328 scribit:
746 3254 957 3328 Parasitum
983 3278 1083 3328 nunc
1103 3250 1254 3353 quidem
1272 3253 1462 3331 hominem
1482 3284 1547 3334 vo-

163 3392 250 3457 cant
268 3378 315 3455 ad
336 3380 461 3454 omnia
480 3390 669 3479 paratum,
699 3378 787 3453 olim
815 3404 905 3454 vero
934 3404 1019 3453 eum
1047 3378 1109 3478 qui
1138 3390 1235 3454 esset
1263 3380 1310 3455 ad
1335 3382 1580 3480 convictum!

162 3517 368 3606 cooptatus.
407 3503 517 3580 Certe
539 3502 693 3579 vetustis
712 3503 860 3601 legibus
880 3500 1080 3602 pleraeque
1101 3503 1286 3598 civitates,
1307 3515 1418 3604 atque
1439 3506 1549 3582 etiam

162 3632 328 3707 adhunc
348 3630 446 3705 diem
474 3631 514 3706 in
542 3629 839 3706 honoratissimis
867 3627 1145 3727 magistratibus
1174 3642 1329 3705 censent
1352 3630 1547 3731 parasitos.

162 3758 207 3833 In
228 3756 423 3832 Castorum
443 3755 535 3831 aede
555 3755 592 3829 in
612 3755 785 3830 columna
805 3754 964 3853 quadam
983 3754 1076 3831 haec
1097 3755 1236 3855 scripta
1265 3765 1371 3829 sunt:
1400 3756 1496 3831 Bou
1510 3783 1548 3832 m

165 3880 360 3974 ducum,
398 3882 478 3981 qui
512 3880 690 3956 selecti
725 3879 936 3975 fuerint,
975 3881 1128 3955 tertia
1154 3905 1269 3978 pars
1296 3878 1353 3957 ad
1381 3881 1546 3956 ludos:

163 4007 364 4082 duarum
402 4007 711 4106 reliquarum
748 4003 965 4104 partium
993 4002 1153 4081 altera
1181 4004 1456 4098 sacerdoti,
1486 4009 1546 4083 al-

162 4145 268 4207 tera
295 4132 551 4233 parasitis.
572 4173 624 4184 -
644 4129 776 4206 Crates
795 4154 885 4205 vero
904 4130 974 4206 ait:
1000 4131 1149 4207 Nomen
1166 4131 1321 4231 parasiti
1340 4129 1449 4206 hodie
1469 4133 1548 4230 qui-

162 4255 248 4332 dem
274 4257 425 4356 ponitur
449 4257 488 4331 in
507 4283 546 4332 re
566 4254 745 4354 ignobili,
772 4255 876 4355 prius
906 4281 994 4330 vero
1023 4254 1177 4356 parasiti
1206 4255 1455 4350 vocabantur,
1485 4258 1548 4356 qui

162 4381 209 4458 ad
238 4381 490 4479 colligendum
517 4407 661 4459 sacrum
689 4382 916 4456 frumentum
935 4382 1118 4458 nominati
1138 4392 1263 4479 erant,
1293 4392 1329 4458 et
1348 4394 1427 4455 erat
1445 4382 1548 4457 curia

163 4501 362 4600 (ἀρχεῖον)
391 4507 572 4606 quaedam
597 4506 853 4606 parasitorum.
887 4505 995 4580 -E
1023 4531 1107 4604 quo¹
1126 4516 1303 4608 apparet,
1332 4505 1455 4580 locum
1474 4531 1547 4605 quo

161 4632 403 4734 deponebant
421 4631 574 4733 parasiti
593 4630 775 4732 primitias
792 4630 888 4705 sacri
906 4629 1101 4722 frumenti,
1129 4628 1423 4730 parasitium
1444 4634 1542 4722 (πα-

162 4758 374 4853 ρασίτειον)
393 4756 505 4832 fuisse
526 4758 768 4857 appellatum.

749 4966 826 5051 Ad
845 4967 961 5049 ³50.

271 5136 406 5215 Pollux
426 5132 529 5233 vul,
551 5133 647 5210 ¹07:
677 5128 769 5207 δέκα
798 5122 905 5217 ὄντες
930 5121 1041 5206 οὗτοι
1060 5127 1186 5206 ἔθυον
1206 5127 1347 5215 θυσίας
1364 5122 1432 5216 τὰς
1451 5157 1545 5208 mr-

1269 5253 1334 5318 30*
