3436 5790
568 431 876 486 consuescamus
894 432 949 485 an
970 428 1014 493 ιε,
1033 430 1078 488 το.
1098 430 1143 488 ar.
1467 411 1546 488 trs

161 617 231 690 καί
249 618 447 695 πολιτείαν
467 615 746 718 δοκιμασθέντι
766 628 810 698 ἐν
833 632 904 698 τωῖ
920 629 953 718 ⁹)
983 619 1229 722 δικαστηρίωι
1250 625 1294 718 ¹⁰)
1323 619 1425 697 κατὰ
1453 620 1547 709 τούς

161 737 323 838 νόμους·
359 743 451 831 τούς
470 741 508 820 δὲ
538 751 776 845 θεσμοθέτας
805 742 902 821 ὅταν
930 747 1120 847 πληρῶσιν
1138 750 1185 844 ¹¹)
1215 744 1463 845 δικαστήριον
1491 750 1546 834 είς

160 870 227 941 ἕνα
263 873 333 943 καί
370 876 649 959 πεντακοσίους
687 869 892 962 δικαστὰς,
931 877 1153 978 εἰσαγαγεῖν
1188 853 1262 966 Ιτήν
1298 870 1545 973 δοκιμασίαν.

161 995 363 1097 (Dionysio
392 1001 571 1079 archonte
602 1000 908 1102 Elaphebolionis
940 1005 1079 1080 mensis
1106 1000 1271 1080 emunda
1296 1013 1384 1103 post
1411 1001 1546 1101 vigesi-

162 1147 281 1216 mam,
309 1126 441 1201 concio
465 1125 504 1201 in
532 1125 706 1220 Piraeeo,
740 1126 867 1204 Nicias
896 1126 1078 1230 Polyxeni
1104 1129 1221 1225 lilius,
1250 1127 1404 1221 Parius,
1431 1125 1544 1204 dixit:

161 1258 357 1350 postquam
376 1238 586 1329 Alexander
614 1250 743 1328 utilem
770 1278 809 1327 se
838 1252 961 1330 reddit
980 1264 1016 1329 et
1035 1252 1184 1357 publice
1204 1264 1243 1329 et
1260 1253 1436 1354 privatim
1455 1253 1544 1330 civi·

160 1373 229 1450 bus
248 1373 288 1450 in
307 1402 399 1476 quos
417 1376 559 1469 incidit,
588 1376 688 1453 bona
715 1378 865 1455 fortuna
890 1379 1032 1481 placuit
1057 1379 1222 1474 senatui,
1250 1389 1293 1455 ut
1310 1389 1409 1456 sorte
1429 1379 1469 1455 in
1487 1404 1544 1456 se·

161 1511 336 1600 quentem
355 1501 571 1580 concionem
588 1502 780 1578 constituti
798 1502 990 1605 praesides
1008 1515 1164 1605 agerent
1184 1502 1229 1580 de
1248 1501 1318 1579 hac
1335 1529 1396 1599 re,
1424 1502 1545 1580 decla·

159 1638 356 1728 rarentque
375 1628 594 1705 sententiam
612 1639 763 1706 senatus
783 1628 943 1732 populo,
963 1629 1065 1732 quod
1084 1629 1229 1709 senatui
1249 1628 1438 1725 videatur,
1466 1627 1545 1707 lau·

161 1749 325 1829 dandum
353 1777 433 1831 esse
461 1752 718 1836 Alexandrum
741 1754 944 1833 Callistrati
963 1756 1081 1833 filium
1100 1755 1410 1854 Thessalensem‚
1440 1779 1545 1832 coro·

160 1876 399 1979 nandumque
419 1881 510 1958 rami
530 1905 688 1973 corona,
716 1890 754 1957 et
771 1880 936 1958 dandum
955 1907 1036 1959 esse
1054 1881 1106 1958 illi
1119 1882 1183 1983 jus
1201 1881 1380 1975 civitatis,
1409 1908 1545 1986 appro-

162 2002 250 2079 bato
268 2004 307 2080 in
321 2004 460 2106 judicio
479 2002 679 2084 seeundum
696 2005 810 2106 leges.
848 2005 1139 2085 Thesmothetae
1168 2017 1294 2085 autem
1314 2033 1429 2109 quum
1447 2018 1546 2087 sorte

160 2130 418 2206 constituerint
440 2130 616 2231 judicium
645 2131 755 2207 unius
785 2143 820 2207 ot
851 2132 1138 2232 quingentorum
1166 2133 1351 2228 virorum,
1380 2132 1545 2210 introdu-

160 2267 244 2332 cant
262 2255 542 2359 approbationis
561 2256 779 2347 actionem.)

764 2467 840 2551 Ad
868 2469 949 2553 20.

266 2647 406 2729 Petitur
436 2651 533 2729 hanc
561 2679 706 2755 quoque
734 2652 848 2730 habet
875 2655 996 2752 legem
1027 2651 1265 2732 escholiasta
1283 2651 1545 2759 Aristophanis

160 2774 235 2869 (ad
252 2775 366 2853 Ran.
387 2778 507 2870 416J:
535 2772 626 2864 τούς
645 2781 684 2867 ἐξ
705 2771 922 2866 ἀλλοδαπῆς
946 2771 1140 2874 Ἀθήνῃσι
1159 2787 1369 2872 κατοικεῖν
1383 2783 1546 2855 ἐθέλον-

160 2929 246 2989 τας,
282 2903 335 2989 εἰς
366 2905 525 2990 πολίτας
552 2901 729 2979 ἐνταῦθα
754 2899 905 3003 χρόνον
935 2898 1073 3007 ὀλίγον
1101 2901 1379 3006 διατρίψαντας
1407 2902 1548 3009 ἐγγρά-

160 3031 314 3120 φεσθαι.
355 3028 399 3107 Id
427 3042 503 3106 est:
538 3030 738 3129 Advenae,
769 3034 831 3134 qui
861 3031 1027 3111 Athenas
1056 3032 1247 3110 habitandi
1275 3060 1367 3133 orgo
1396 3034 1547 3110 commi-

161 3168 332 3254 grarunt,
352 3157 451 3232 intra
468 3158 583 3234 breve
603 3171 750 3260 tempus
769 3161 808 3235 in
828 3161 928 3235 cives
947 3171 1183 3259 cooptantor.

267 3279 341 3358 Sed
361 3281 454 3358 haec
474 3282 567 3359 adeo
585 3297 731 3386 pugnat
750 3309 832 3360 cum
852 3285 1011 3383 reliquis,
1028 3297 1070 3359 ut
1080 3310 1148 3386 pro
1158 3287 1246 3363 fieta
1256 3284 1384 3362 haberi
1403 3279 1545 3360 debeat.

764 3493 840 3577 Ad
869 3497 940 3577 21.

268 3677 524 3756 Aristotel.
553 3677 697 3755 Polit.
727 3680 776 3772 ΙΙ,
803 3680 838 3770 9,
859 3679 904 3751 4;
932 3675 1050 3754 Solon
1069 3677 1218 3778 quidem
1238 3679 1397 3755 maxime
1416 3702 1544 3754 neces-

160 3804 294 3880 sariam
312 3803 452 3906 populo
471 3817 693 3906 potestatem
722 3805 896 3881 tribuisse
924 3803 1074 3879 videtur
1101 3804 1386 3902 magistratuum
1404 3803 1545 3904 eligen-

160 3927 290 4005 dorum
318 3942 354 4005 et
379 3931 563 4006 rationum
592 3931 639 4008 ab
667 3931 711 4005 iis
738 3930 1058 4031 reposcendarum.
1097 3928 1137 4004 Si
1155 3931 1252 4006 enim
1271 3956 1318 4005 ne
1336 3930 1448 4030 hujus
1466 3929 1545 4030 qui·

160 4053 244 4130 dem
263 4055 315 4131 rei
334 4067 499 4155 potestas
528 4059 576 4132 sit
604 4081 719 4158 penes
737 4058 941 4158 populum,
970 4066 1232 4158 praeterquam
1262 4054 1363 4155 quod
1391 4079 1544 4151 servus,

160 4181 270 4258 etiam
289 4179 406 4257 hostis
426 4191 492 4257 ost.
529 4180 769 4280 Magistratus
797 4192 923 4258 autem
951 4207 1081 4258 omnes
1100 4207 1146 4258 ex
1165 4180 1367 4257 illustribus
1386 4190 1423 4255 et
1442 4181 1544 4257 loon·

159 4306 320 4408 pletibus
347 4306 492 4382 civibus
521 4309 680 4403 creavit,
715 4332 851 4408 nempe
880 4332 925 4384 ex
952 4307 997 4382 iis
1024 4308 1089 4406 qui
1118 4307 1322 4407 quingenta
1357 4304 1547 4383 medimna

159 4432 357 4532 quotannis
376 4459 421 4510 ex
441 4435 540 4533 agris
559 4434 634 4509 suis
653 4435 909 4535 perciperent,
938 4444 976 4509 et
1005 4434 1112 4509 exiis
1132 4432 1195 4533 qui
1215 4431 1393 4530 Zeugitae
1413 4430 1541 4508 dicun

158 4568 236 4652 tur,
266 4571 303 4634 et
331 4583 376 4635 ex
405 4560 565 4659 equestri
596 4558 734 4635 ordine.
772 4559 937 4652 Quartae
964 4569 1088 4634 autem
1107 4557 1236 4634 elassis
1254 4557 1378 4652 cives,
1405 4580 1544 4632 meroe·

158 4683 252 4760 narii
271 4694 309 4759 et
327 4685 508 4786 operarii,
538 4696 626 4761 sunt
644 4684 780 4762 nullius
800 4683 1038 4783 magistratus
1057 4683 1266 4785 participes.

265 4825 513 4904 Plutarch.
534 4825 778 4904 Aristidis
797 4851 899 4903 cum
918 4826 1108 4904 Catone
1129 4825 1348 4930 Compar.
1370 4824 1416 4900 1.:
1435 4824 1544 4900 Tunc

159 4951 312 5034 Athenis
332 4954 513 5030 maximus
534 4964 612 5030 erat
630 4977 761 5030 census
781 4953 1072 5054 quingentorum
1096 4952 1324 5049 modiorum,
1354 4951 1544 5054 proximus

264 5189 303 5262 9)
320 5176 378 5275 τῷ.
393 5223 436 5234 ·—
455 5187 514 5262 10)
530 5181 745 5277 δικαστηρίῳ.
763 5219 803 5233 -
823 5187 882 5262 ll)
898 5181 1064 5273 Oonjicio:
1080 5178 1252 5277 κληρῶσιν.
1286 5288 1329 5354 ⁷*

1263 5291 1284 5354 2
