3436 5790
716 403 766 460 DE
784 399 949 459 uuum.

765 599 877 675 1373.

206 749 212 760 ’
237 739 370 818 Frater
388 743 430 818 fit
449 743 606 818 filiorum
625 743 750 820 fratris
769 755 879 819 tutor.

765 906 878 980 1374.

229 1039 525 1141 Ἐπιτροπεῦοαι
544 1042 733 1119 καὶκατὰ
753 1041 826 1134 τήν
845 1040 1048 1152 διαθήκην.

727 1173 940 1266 (Demosth.
960 1174 999 1246 in
1018 1171 1197 1272 Stephon.
1215 1172 1244 1265 l,
1268 1171 1405 1273 1112.)

765 1335 879 1410 1374.

236 1477 370 1554 Tutela
387 1485 540 1575 geratur
558 1478 667 1553 etiam
687 1503 732 1554 ex
751 1487 986 1555 testamento.

238 1773 319 1852 Τόν
337 1781 546 1876 ἐπίτροπον
565 1776 609 1876 ιῄ
637 1778 714 1854 τῶν
742 1775 930 1878 ὀρφανῶν
952 1782 1065 1876 μητρὶ
1092 1773 1146 1873 μὴ
1177 1785 1399 1867 συνοικεῖν,
1423 1773 1514 1878 μηδ’

125 1900 398 2002 ἐπιτροπεύειν,
420 1909 472 1990 εἰς
493 1899 541 1980 ὀν
560 1897 580 1996 ἦ
602 1901 717 1979 οὐσία
738 1906 887 2004 ἔρχεται
907 1903 986 1978 τῶν
1002 1900 1512 2002 ὀρφανῶντελεοτηοάντων.

648 2034 826 2132 (Diogen.
848 2033 970 2110 Laert.
992 2033 1020 2128 Ι,
1043 2033 1106 2107 56.
1128 2031 1206 2110 Lex
1226 2031 1407 2124 Solonis.)

763 2196 877 2272 1375.

234 2340 353 2415 Tutor
371 2340 599 2442 pupillorum
619 2350 776 2415 matrem
795 2367 872 2416 non
891 2338 1024 2434 ducat;
1051 2363 1173 2437 neque
1193 2339 1224 2413 is
1244 2339 1309 2415 fiat
1327 2348 1447 2431 tutor,
1467 2335 1515 2413 ud

128 2491 237 2564 quem
256 2474 342 2566 post
361 2464 590 2566 pupillorum
609 2466 752 2540 obitum
772 2464 981 2540 substantia
1001 2474 1056 2540 eut
1075 2473 1312 2566 perventura.

763 2620 875 2699 1376.

237 2762 319 2857 Τὴν
337 2767 680 2864 ἐπιτροπευομένην
697 2774 867 2869 γυναῖπα
882 2760 978 2863 μήτε
996 2759 1069 2838 τὸν
1086 2766 1293 2862 ἐπίτροπον
1315 2759 1412 2862 μήτε
1438 2757 1511 2838 τόν

129 2889 246 2966 παῖδα
265 2888 391 2967 αὐτοῦ
411 2902 562 2995 γαμεῖν.

560 3001 728 3103 (Syrien.
749 3002 864 3078 schol.
885 3004 925 3079 in
945 3000 1172 3104 Hermogen.
1192 3012 1275 3079 stat.
1297 3002 1407 3094 133.)

767 3165 880 3242 1376.

236 3309 292 3386 Ne
312 3309 456 3410 pupilla
474 3321 537 3386 aut
555 3310 668 3385 tutori
687 3337 754 3387 suo
774 3312 893 3389 nubat
913 3321 977 3387 out
997 3311 1076 3412 ejus
1097 3310 1184 3387 filio.

769 3473 883 3549 1377.

239 3606 339 3696 Τοός
367 3607 591 3709 ἐπιτρόπους
619 3619 699 3698 τοῖς
737 3607 924 3712 ὀρφανοῖς
962 3611 1114 3717 ἔγγειον
1150 3608 1221 3704 τὴν
1245 3604 1387 3688 οόοίαν
1406 3613 1515 3689 καθ-

129 3733 290 3814 ιστάναι.
1019 3739 1192 3835 (suidam
1222 3739 1405 3843 ἔγγειον.)

769 3850 882 3927 1377.

236 3988 395 4066 Tutores
415 3993 613 4093 pecuniam
633 3993 862 4094 pupillorum
880 3994 920 4069 in
939 3993 1039 4092 agris
1060 3993 1257 4068 collocent.

763 4154 877 4231 1378.

241 4289 321 4367 Τόν
340 4295 548 4395 ἐπίτροπον
566 4291 638 4369 τόν
656 4293 730 4370 τοῦ
749 4290 928 4395 ὀρφανοῦ
950 4291 1067 4371 οἷκον
1080 4294 1268 4394 μισθοῦν.

790 4422 1003 4517 (Demosth.
1023 4426 1061 4500 in
1082 4422 1229 4525 Aphob.
1249 4425 1277 4516 1,
1297 4422 1408 4516 831.)

762 4586 879 4662 1378.

237 4726 356 4802 Tutor
375 4753 452 4803 rem
472 4728 690 4806 familiarem
714 4726 846 4831 pupilli
865 4726 1018 4805 elooato.

238 5013 305 5096 Εἰς
324 5006 390 5095 τὰς
408 5010 486 5088 τῶν
506 5005 691 5110 ὀρφανῶν
709 5008 823 5098 δίκας
843 5013 880 5087 οἱ
899 5012 1096 5112 ἐπίτροποι
1117 5014 1330 5091 εἰσίτωοοιν.

1003 5139 1151 5244 (Sopat.
1175 5141 1281 5219 divis.
1301 5141 1412 5232 402.)

1263 5263 1306 5329 2³
