3436 5790
762 443 825 494 wo
843 442 1056 494 PUBLICUU.
1175 472 1179 489 .

862 633 949 706 504.

324 758 522 834 Actoribus
551 759 825 857 tragoediarum
853 769 1009 860 propter
1040 770 1158 833 artem
1195 780 1417 858 quoeunque
1447 755 1600 856 impune

217 883 268 958 ire
297 884 392 959 lieet.

862 991 950 1065 505.

322 1131 485 1216 Χαλκᾶς
513 1129 668 1218 εἰκόνας
698 1127 908 1206 ἀναθεῖναι
936 1129 1015 1208 τῶν
1044 1130 1233 1221 ποιητῶν,
1261 1126 1488 1221 Αἰσχύλου,·
1512 1133 1598 1202 Σο-

217 1260 428 1349 φοκλέους,
459 1251 695 1354 Εὐριπίδου,
723 1261 792 1331 καὶ
812 1253 880 1342 τας
897 1253 1111 1360 τραγῳδίας
1138 1252 1270 1331 αὐτῶν
1296 1261 1339 1330 ἐν
1357 1253 1483 1353 κοινῷ
1502 1280 1598 1357 γρα-

217 1386 414 1480 ψαμένους
434 1379 660 1476 φυλάττειν,
692 1386 761 1455 καὶ
788 1376 860 1456 τὸν
887 1381 951 1471 τῆς
979 1381 1120 1467 πόλεως
1145 1387 1365 1486 γραμματέα
1385 1407 1599 1482 παραναγι-

217 1504 380 1581 νώσκειν
407 1519 487 1593 τοῖς
515 1495 859 1607 ῶποκρινομένοις·
898 1503 977 1582 οὐκ
1005 1514 1143 1597 ἐξεῖναι
1177 1505 1250 1610 γαρ
1279 1498 1401 1590 ἄλλως
1430 1496 1599 1603 ὑποκρι-

215 1637 364 1708 aeaeae.
690 1635 897 1730 (Plutarch.
918 1638 965 1713 X.
984 1648 1120 1712 orator.
1141 1637 1205 1711 vit.
1224 1636 1387 1737 Lyeurg.
1409 1632 1491 1726 11.)

866 1801 954 1877 505.

322 1939 463 2018 Aereae
483 1941 666 2041 imagines
685 1951 874 2044 ponantur
891 1945 1011 2044 poetis
1030 1941 1240 2042 Aeschylo,
1270 1942 1465 2045 Sophocli3
1490 1943 1598 2018 Euri-

214 2065 311 2169 pidi,
332 2089 532 2166 eorumque
552 2067 765 2165 tragoediae
785 2067 995 2168 exscriptae
1013 2067 1163 2169 publice
1183 2080 1440 2163 asserventur,
1461 2094 1598 2168 easque

215 2189 340 2267 scriba
368 2191 528 2267 civitatis
555 2192 678 2290 legat,
707 2190 797 2270 dum
815 2204 996 2294 agantur,
1025 2194 1145 2270 verba
1162 2193 1385 2270 histrionum
1401 2193 1599 2296 inscripto

215 2341 393 2419 sequeus;
412 2314 519 2393 aliter
538 2342 600 2393 eas
626 2318 686 2417 agi
707 2319 813 2397 nefus
834 2332 924 2397 osto.

864 2470 953 2556 506.

321 2601 547 2695 Πάνδια,
578 2600 686 2703 ioqui
720 2601 817 2700 μετά
858 2601 904 2678 τῶ
943 2600 1133 2682 Διονύσια
1168 2598 1355 2707 ἀγομένη·
1388 2594 1520 2707 ῶγιται
1558 2599 1597 2678 δὲ

215 2727 267 2827 τῷ
299 2732 370 2804 Διΐ,
1280 2732 1490 2830 (Photius.)

862 2839 949 2914 506.

322 2962 485 3055 Pondus,
505 2963 641 3039 festum
659 2973 745 3064 post
763 2963 943 3065 Dionysia
960 2966 1201 3049 celebratum
1234 2966 1454 3047 Celebratur
1472 2977 1598 3044 autem

216 3087 254 3163 iu
275 3088 456 3166 honorem
474 3089 501 3162 J
503 3088 593 3162 ovis.

861 3199 948 3275 507.

321 3322 368 3393 Π
374 3344 427 3414 ρο
433 3344 618 3415 χαριστ
633 3318 741 3419 ἡριά
772 3327 875 3397 ἐστιν
903 3313 1018 3421 ἡμέρα
1038 3329 1081 3398 ἐν
1099 3312 1123 3420 ᾗ
1143 3325 1178 3397 oi
1198 3330 1242 3398 ἐν
1259 3321 1303 3418 τῇ
1324 3318 1424 3420 ἀρχῇ
1444 3319 1596 3413 πάντες,

215 3437 442 3540 ἀρχομένων
461 3443 621 3546 καρπῶν
640 3443 824 3540 φύεσθαι,
845 3443 1028 3551 λήγοντος
1048 3441 1116 3539 ἤδη
1135 3446 1206 3523 τοῦ
1221 3444 1428 3545 χειμῶνος,
1451 3445 1595 3524 θύουσι

215 3565 259 3665 τῇ
281 3564 397 3665 Κόρῃ.
1305 3574 1489 3670 (Suidas.)

861 3683 948 3758 507.

323 3801 632 3900 Proeharisteria,
661 3808 740 3884 dies
760 3835 833 3908 qua
859 3810 1097 3907 magistratus
1126 3835 1275 3904 omues,
1304 3812 1477 3910 frugibus
1494 3813 1598 3889 nasci

215 3928 501 4032 insipientibus,
521 3933 590 4006 sub
610 3931 741 4010 hiemis·
760 3936 895 4030 finem,
916 3936 1165 4037 Proserpinae
1184 3937 1404 4015 sacrifloant.

802 4220 940 4319 Τμῆμα
967 4227 1008 4300 ι’.

518 4354 765 4465 ‘Euoras'
812 4365 1285 4463 Μουνυχιῶνος.

797 4621 920 4700 Sestio
949 4623 1009 4699 10.

640 4764 790 4840 Festa
825 4764 1167 4866 Munychione.

862 4945 949 5022 508.

314 5059 436 5162 Ἕκτῃ
452 5062 572 5164 μηνὸς
592 5068 798 5167 ἱσταμένου
808 5066 1097 5166 Μουνυχιῶνος
1116 5067 1182 5156 τῶς
1196 5060 1313 5174 κόρας
1332 5075 1492 5169 πέμπειν
1508 5074 1596 5148 ἱλα-

290 5192 376 5282 ένας
394 5195 448 5279 εἰς
465 5195 686 5290 Δελφίνιον.
1043 5198 1252 5292 (Plutarch.
1269 5195 1384 5276 'lues
1405 5199 1487 5295 18.)
