3436 5790
580 430 890 486 ccussssrsnrus
908 431 962 483 sn
983 425 1062 487 toas.
1084 430 1162 489 roes.
1486 412 1563 490 557

174 622 252 700 lum
281 624 490 730 deceperit,
526 624 730 702 adducatur
757 622 797 698 in
818 622 1020 723 judicium,
1059 638 1096 703 et
1125 629 1318 704 convictus
1345 639 1464 707 morte
1493 656 1562 732 pu·

172 749 328 844 niatur.)

281 877 457 955 Dinarch.
478 903 508 955 o.
527 879 742 956 Philoclem.
764 872 797 979 §.
818 879 862 954 4:
892 868 913 950 ὁ
934 872 1070 964 κοινὸς
1088 875 1153 968 τῆς
1172 872 1315 962 πόλεως
1334 873 1473 974 νόμος,
1494 874 1562 954 ε’άν

172 1004 431 1085 rectractetur
457 1000 537 1076 τοῖν
565 999 734 1075 πολιτῶν
763 991 1006 1104 ὁμολογήσας
1033 1030 1070 1075 τι
1099 1001 1277 1101 παραβῇ,
1305 1001 1452 1078 τοῦτον
1470 1003 1560 1077 εἰο-

167 1151 249 1217 χον
276 1122 374 1202 εἶναι
404 1123 551 1202 κελεύει
579 1125 632 1225 τῷ
662 1121 877 1204 ἀδικεῖν.
907 1128 1146 1223 (Communis
1173 1129 1276 1206 urbis
1305 1131 1386 1225 lex,
1419 1131 1449 1205 si
1479 1133 1560 1230 quis

171 1252 310 1352 aliquid
339 1280 589 1354 eorumquae
619 1280 744 1333 coram
781 1256 922 1358 populo
961 1254 1208 1359 spoponderit
1243 1254 1559 1354 transgrediatur,

172 1376 269 1453 hunc
288 1380 434 1457 crimini
455 1381 658 1458 obnoxium
680 1407 761 1459 esse
775 1383 918 1484 jubet.)

279 1505 445 1582 Verbum
469 1499 623 1578 ἀδικεῖν
640 1506 780 1599 innuit,
809 1516 940 1583 contra
958 1504 1030 1580 hoc
1050 1529 1197 1605 quoque
1216 1504 1357 1580 crimen
1376 1506 1560 1582 actionem

172 1621 331 1702 ἀδικίου
349 1632 554 1708 institutam
574 1632 699 1708 fuisse.
729 1629 833 1725 (vid.
854 1628 901 1706 ad
924 1630 1059 1721 1026.)

744 1842 819 1926 Ad
837 1843 980 1924 1004.

276 2008 470 2086 Demosth.
500 2008 583 2085 adv.
612 2010 762 2111 Leptin.
793 2009 899 2083 508:
934 2006 1073 2101 Miror,
1104 2006 1134 2083 si
1163 2032 1247 2102 eos,
1277 2007 1340 2109 qui
1368 2019 1556 2083 monetam

170 2132 401 2227 adulterant,
432 2132 562 2208 ultimo
581 2134 767 2236 supplicio
787 2133 947 2235 punitis,
977 2130 1051 2208 illis
1070 2157 1180 2228 veru,
1209 2132 1271 2233 qui
1290 2143 1407 2209 totam
1426 2133 1556 2208 civita·

170 2267 245 2336 tem
263 2257 513 2343 adulterinam
543 2269 579 2334 et
606 2258 762 2334 infidam
788 2257 967 2352 reddunt,
997 2256 1145 2334 dicendi
1164 2268 1389 2359 potestatem
1409 2257 1558 2334 dabitis.

276 2402 564 2480 Lacedaemonii
590 2403 712 2479 numis
740 2402 942 2478 utebantur
969 2402 1130 2497 ecori03
1160 2401 1291 2501 quodsi
1310 2427 1441 2477 aurum
1460 2399 1557 2477 domi

169 2526 324 2629 alicujus
343 2528 405 2605 vel
423 2539 617 2626 argentum
641 2524 914 2628 deprehensum
941 2526 1090 2620 fuisset,
1119 2537 1278 2603 mortem
1297 2551 1458 2627 poenam
1476 2525 1554 2602 lue-

169 2652 243 2728 bat.
218 2652 487 2745 t(Nicolai
515 2653 813 2730 Damasceni
842 2653 972 2752 fragm
995 2653 1105 2744 114.)

275 2777 350 2855 Sed
376 2789 469 2854 teste
489 2777 689 2855 Plutarcho
718 2777 1100 2881 (Apophthegm.
1130 2778 1302 2855 Lacon.
1332 2778 1494 2877 Lycurg
1512 2718 1550 2854 d

151 2904 205 3004 'p.
225 2904 325 2997 226)
349 2905 542 3005 Lycurgus
571 2930 685 2982 aureo
714 2915 751 2980 et
779 2918 957 3003 argenteo
988 2904 1211 2981 numismate
1241 2905 1442 3003 abrogato,
1472 2903 1553 2978 solo

167 3029 220 3104 uti
233 3031 346 3130 jussit
369 3030 389 3106 f
394 3057 554 3121 erreo,
584 3056 630 3107 ac
649 3029 818 3106 definivit
837 3038 1017 3128 quantum
1036 3030 1116 3130 ejus
1140 3053 1301 3130 aequare
1319 3029 1551 3129 uniuscujus-

168 3181 239 3255 que
259 3156 455 3234 facultates
478 3155 642 3234 deberet.
680 3155 763 3231 Hoc
791 3155 891 3232 facto
921 3156 1041 3230 omnis
1069 3155 1251 3257 injustitia
1270 3155 1553 3232 Lacedaemone

167 3284 413 3358 exterminata
432 3292 508 3379 θεῖς
537 3308 624 3358 nam
652 3307 772 3382 neque
802 3280 937 3375 furari,
967 3306 1088 3382 neque
1111 3282 1329 3360 muneribus
1348 3279 1554 3381 corrumpi,

167 3431 288 3508 neque
308 3406 528 3486 defraudare
547 3408 662 3483 alimn
690 3417 754 3482 aut
772 3432 904 3508 rapere
924 3408 1116 3508 quisquam
1134 3415 1301 3507 poterat,
1331 3432 1416 3483 cum
1433 3431 1554 3506 neque

167 3531 356 3635 possidere
375 3532 413 3609 id
433 3559 610 3633 magnum
630 3533 847 3628 haberetur,
876 3560 998 3634 neque
1022 3535 1061 3608 in
1081 3533 1311 3609 commerciis
1331 3533 1432 3634 apud
1452 3544 1552 3610 exte·

166 3686 229 3736 ros
246 3662 371 3736 locum
388 3659 553 3736 haberet.
592 3660 728 3737 Fertur
757 3661 856 3737 enim
875 3660 1090 3762 Lycurgus,
1119 3670 1161 3734 ut
1179 3658 1271 3734 dicit
1287 3658 1388 3734 idem
1405 3657 1552 3735 Plutar-

167 3785 256 3861 chus
276 3787 456 3889 (Lycurg.
478 3787 536 3882 9),
566 3787 705 3864 ferrum
733 3786 897 3866 candens
924 3796 1032 3864 aceto
1059 3785 1296 3877 restinxisse,
1323 3785 1448 3885 itaque
1473 3784 1552 3884 ejus

166 3913 288 4008 rigore
308 3912 477 4013 perdito,
506 3924 547 3990 ut
564 3912 770 3991 invalidum
788 3914 869 4016 jam
888 3924 926 3992 et
945 3912 1182 3990 intractabile
1202 3921 1317 4003 esset,
1345 3935 1454 3987 usum
1473 3908 1552 4010 ejus

163 4035 212 4112 ad
232 4037 324 4114 alias
342 4063 403 4114 res
421 4037 625 4115 sustulisse.

270 4162 412 4238 Verum
431 4160 599 4238 Platonis
616 4173 741 4240 aetate
763 4163 844 4264 jam
862 4188 1002 4263 magua
1019 4163 1150 4240 aderat
1168 4159 1450 4238 Lacedaemone
1472 4162 1549 4237 auri

163 4288 382 4386 argentique
402 4289 531 4390 copia,
557 4287 609 4363 ita
627 4297 669 4363 ut
679 4287 969 4365 Lacedaemonii
991 4286 1221 4364 Graecorum
1241 4285 1408 4362 omnium
1426 4299 1552 4361 essent

97 4510 102 4519 ·
164 4411 345 4487 ditissimi.
375 4413 553 4507 (Plato.
576 4412 819 4492 Alcibiad.
839 4417 867 4493 I.
888 4444 923 4516 p.
951 4414 1037 4509 123,
1058 4413 1123 4506 Α.)

721 4623 808 4707 'Ad
838 4627 981 4708 lues.

267 4789 513 4866 Demosth.
543 4816 573 4866 c.
603 4787 863 4866 Theocrin.
897 4790 1026 4866 1325:
1063 4790 1188 4883 Quum
1215 4792 1329 4868 vellet
1355 4791 1546 4889 legislator

160 4941 230 4992 nec
250 4917 509 5024 delinquentes
529 4930 754 5015 mercatores
774 4917 970 4993 indemnes
997 4942 1095 5011 esse,
1126 4942 1195 4992 nec
1214 4919 1380 4994 insontes
1400 4918 1547 5008 vexari,

159 5045 198 5116 in
217 5043 430 5118 smiversum
455 5045 572 5119 vetuit
600 5044 671 5121 hoc
699 5045 891 5120 bominum
918 5069 1036 5140 genus
1066 5044 1223 5136 deferri,
1252 5043 1324 5118 nisi
1353 5043 1437 5140 quis
1464 5043 1545 5142 ipse

158 5169 230 5244 sibi
249 5168 412 5248 confidat
431 5196 470 5246 se
487 5180 722 5248 ostensurum
753 5171 856 5247 facta
883 5195 985 5265 esse,
1016 5195 1112 5269 quae
1133 5169 1258 5245 defert.
1297 5166 1363 5243 Sin
1384 5168 1464 5267 quis
1483 5193 1546 5262 ca-
