3436 5790
215 397 293 482 toa
548 416 859 483 conusuranms
878 413 932 466 an
951 413 1014 466 aar.
1034 413 1097 466 aas.
1114 411 1184 477 aar.
1201 409 1264 466 aas.

325 608 564 711 Aristophan.
594 609 825 689 Acharneus.
855 636 889 683 v.
910 608 981 699 65:
1005 600 1231 704 ’ἐπέμψαθ’
1253 594 1352 701 ἡμᾶς
1381 590 1430 686 ὦς
1449 599 1609 697 βασιλέα

216 732 288 809 τόν
303 740 451 836 μέγαν,
476 729 628 830 μισθόν
647 738 835 830 φέροντας
855 727 927 816 δύο
953 727 1126 829 δραχμάς
1155 728 1218 818 τῆς
1247 720 1384 827 ἡμέρας
1436 726 1612 821 (Misistis

217 890 286 939 nos
307 862 354 938 ad
374 888 549 959 magnum
580 886 728 958 regem,
758 859 796 935 id
820 872 876 934 est
903 857 950 935 ad
980 885 1110 957 regem
1128 857 1348 952 Persarum,
1378 853 1608 954 accepimus·

217 1015 288 1086 que
308 989 346 1062 in
366 987 531 1085 singulos
551 985 630 1062 dies
651 986 810 1064 duarum
828 980 1085 1061 drachmarum
1104 982 1347 1074 mercedem.)

807 1213 883 1297 Ad
903 1214 1018 1296 224.

229 1415 231 1420 ·
325 1383 439 1484 Apud
449 1383 666 1459 corinthios
685 1384 842 1459 vetitum
861 1394 941 1458 erat
958 1382 1091 1478 legatis
1111 1379 1210 1456 dona
1229 1403 1375 1457 sumere
1395 1406 1419 1454 a
1438 1379 1612 1480 principe
1654 1445 1663 1462 ,

217 1509 264 1586 ad
284 1536 396 1611 quem
415 1509 515 1584 missi
536 1510 703 1584 fuissent.
736 1506 1008 1601 (Plutarch.
1029 1505 1380 1607 apophthegm.
1401 1531 1497 1603 reg.
1519 1504 1611 1581 Dio-

218 1663 300 1736 nys.
321 1635 408 1736 Maj.
433 1637 492 1713 12.
512 1663 547 1736 p.
571 1637 682 1730 176.)
712 1656 716 1662 ’

320 1743 322 1747 ¹
807 1754 883 1837 Ad
903 1754 1019 1837 225.

326 1923 594 2023 Harpocratio:
632 1916 879 2021 Συνήγαροι.·
914 1913 1094 2017 Ἐοέιιασι
1124 1925 1212 2016 ιιαρ1
1244 1913 1478 2007 Ἀθηναίοις
1511 1940 1615 2003 τινες

213 2050 526 2141 χειροτονεῖσθαι
557 2041 773 2149 συνήγοροι.
813 2045 1022 2140 (Videntur
1050 2044 1150 2146 apud
1180 2044 1427 2123 Athenienses
1457 2043 1612 2144 quidam

218 2173 391 2271 synegori
411 2174 591 2272 suffragio
611 2174 730 2275 eligi.)

327 2318 405 2393 Hos
436 2344 631 2395 causarum
668 2318 901 2420 publicarum
939 2329 1118 2418 patronos
1153 2344 1237 2394 eum
1265 2315 1428 2419 syndicis
1457 2313 1612 2391 eosdem

219 2443 345 2537 fuisse,
366 2455 523 2521 testatur
542 2444 656 2521 schol.
676 2445 715 2519 in
733 2443 927 2520 Demosth.
948 2443 1095 2544 Leptin.
1115 2444 1203 2539 501,
1224 2442 1287 2540 22,
1308 2441 1436 2517 dicens
1456 2437 1504 2516 de
1523 2468 1612 2542 syn-

219 2568 328 2644 dicis:
356 2560 539 2663 βούλεται
559 2564 633 2671 γὰρ
654 2567 966 2669 περιγράψασθαι
985 2563 1077 2673 τούς
1104 2562 1420 2671 συνηγόρους
1445 2561 1520 2638 τοῦ
1543 2560 1612 2638 νό-

214 2721 306 2789 μου.
344 2696 424 2772 Hos
451 2693 625 2796 intelligit
653 2695 764 2771 etiam
790 2694 981 2771 Demosth.
1011 2720 1041 2768 c.
1063 2693 1266 2784 Timocrat.
1286 2692 1384 2768 707:
1414 2690 1611 2787 αἱρεῖσθαι

220 2817 347 2894 δὲκαὶ
371 2815 463 2901 τούς
492 2820 924 2919 συναπολογησομένους
951 2812 1022 2890 τόν
1051 2812 1175 2915 δῆμον
1202 2825 1282 2903 τοῖς
1312 2811 1467 2909 νόμοις,
1498 2816 1543 2889 c‘c'
1559 2809 1613 2890 όν

219 2949 262 3018 ἐν
281 2953 359 3028 τοῖς
379 2945 610 3039 νομοθέταις
628 2939 808 3038 λύωνται,
820 2945 929 3017 πέντε
948 2930 1091 3038 όῖνδρας
1109 2946 1148 3031 ἐξ
1164 2937 1393 3031 Ἀθηναίων
1412 2931 1611 3019 ἁπάντων.

328 3068 423 3146 Vide
444 3071 565 3169 legem
587 3066 675 3142 148.
1286 3054 1288 3059 ’
1546 3071 1548 3080 ·

805 3191 881 3297 Ad
904 3190 1020 3275 227.

327 3357 451 3433 Sohol.
471 3357 510 3432 in
528 3356 767 3461 Aristophsn.
792 3385 894 3461 vesp.
917 3358 1014 3433 691:
1040 3346 1113 3427 Ἐκ
1140 3350 1284 3431 τούτου
1312 3358 1519 3451 φαίνεται,
1548 3354 1611 3437 ὅτι

215 3477 462 3582 μισθοφόρος
483 3473 530 3570 ἦν
550 3471 569 3571 ἦ
592 3477 711 3579 ἀρχὴ·
739 3479 958 3582 κληρωτούς
988 3479 1027 3556 δὲ
1055 3486 1288 3585 γενομένους
1316 3460 1408 3579 δέκα
1438 3482 1614 3590 συνηγότ,

222 3636 310 3708 ρους
334 3603 592 3704 Ἀριστοτέλης
619 3632 746 3702 φησιν.
792 3612 912 3704 (Hinc
941 3620 1117 3712 apparet,
1149 3610 1250 3709 quod
1278 3610 1338 3686 hic
1366 3614 1608 3711 magistratus

219 3735 429 3811 mercedem
448 3736 643 3837 acceperit.
673 3736 812 3813 Decem
830 3741 955 3813 autem
973 3735 1089 3812 fuisse
1108 3761 1316 3837 synogoros
1335 3748 1432 3814 sorte
1452 3751 1609 3837 creatos,

219 3861 308 3938 dicit
326 3859 579 3956 Aristoteles.)

327 4003 536 4083 Scholiasta
564 4006 761 4106 confundit
789 4007 975 4108 dupplicis
1006 4006 1147 4085 ordinis
1174 4001 1421 4110 συνηγόρους.
1469 4008 1524 4102 Ii,
1562 4009 1610 4086 de

222 4130 356 4228 quibus
376 4131 436 4207 hic
455 4132 620 4232 agimus,
650 4144 756 4209 erant
769 4132 1037 4230 χειροτονητοὶ
1058 4133 1259 4233 (suffragio
1278 4133 1424 4228 creati).
1462 4133 1613 4219 Aristo,

221 4255 312 4330 teles
341 4272 465 4333 autem
483 4257 527 4331 de
548 4257 764 4357 logistarum
793 4257 923 4334 decem
953 4252 1177 4358 συνηγόροις
1205 4258 1385 4359 loquitur,
1416 4261 1480 4360 qui
1507 4273 1609 4339 sorte

220 4378 450 4478 legebantur,
462 4395 498 4458 et
517 4383 564 4458 ad
582 4384 821 4485 magistratus
840 4385 1077 4489 oeconomiae
1098 4384 1273 4486 publicae
1292 4385 1543 4486 pertinebant.
1557 4433 1609 4444 -

222 4509 397 4584 Politioos
417 4506 651 4611 συνηγόρους
671 4512 800 4613 populi
820 4514 1000 4615 suffragio
1020 4514 1157 4590 electos
1173 4513 1297 4607 firisse,
1318 4523 1475 4590 testatur
1494 4513 1609 4588 etiam

220 4635 413 4711 Dernosth.
440 4663 471 4713 c.
491 4635 694 4715 Timocrat.
720 4637 822 4712 7112
846 4631 938 4723 τοιλς
962 4633 1221 4739 συνηγόρους,
1252 4628 1320 4722 οὕς
1336 4645 1607 4734 χειροτονεῖτε.

805 4867 881 4952 Ae
901 4870 1018 4953 228.

328 5033 404 5108 Lex
426 5035 577 5130 Soguer.
598 5058 631 5131 p.
657 5033 749 5107 185:
781 5031 1052 5132 Ιραμματεύς,
1073 5022 1096 5109 ό
1116 5026 1397 5135 ἀναγινώσκων
1415 5031 1464 5129 τῇ
1480 5033 1608 5133 βουλῇ

218 5162 284 5229 καὶ
310 5156 358 5252 roi
380 5154 487 5253 θηιιιγι
508 5152 553 5229 τοὶ
575 5164 900 5261 προστεταγμένα·
930 5158 1030 5236 κατὰ
1044 5156 1216 5261 χρόνους
1238 5153 1455 5250 ἠλλάσσετο.
1476 5164 1602 5260 (Scri-
