3404 5782
150 388 226 462 364
684 409 747 459 tos
764 403 984 460 rnrrnrou.

147 603 251 678 irrita
269 601 339 676 erit
356 600 486 703 petitio
505 598 730 676 hereditatis.
769 597 834 674 Sin
853 598 903 691 is,
933 598 995 697 qui
1014 597 1257 676 hereditatem
1281 601 1553 703 adjudicatam

149 727 258 820 adiit,
288 737 472 829 superstes
492 752 566 800 non
585 726 718 820 fuerit,
747 725 858 800 citato
882 723 1011 799 eadem
1032 723 1174 801 ratione
1193 726 1244 817 is,
1273 727 1336 803 cui
1361 729 1551 827 praefini-

149 864 227 928 tum
246 864 392 954 tempus
411 851 578 929 nondum
595 862 652 928 est
670 850 915 926 terminatum.
944 849 1176 951 Disceptatio
1195 863 1322 927 autem
1344 863 1437 930 esto
1460 879 1551 930 con-

149 989 206 1054 tra
224 977 494 1079 possidentem,
522 1004 597 1080 quc
616 976 765 1054 nomine
784 976 848 1053 ille
866 975 936 1052 sibi
956 975 1198 1055 hereditatem
1219 978 1463 1074 vindicavit,
1487 1005 1550 1055 cu·

143 1104 205 1204 jus
224 1102 323 1180 bona
340 1103 518 1205 possidet.

780 1208 892 1286 1417.

259 1346 336 1436 Τάς
354 1341 433 1428 άπὸ
452 1351 531 1428 τῶν
554 1357 724 1452 πατέρων
751 1349 983 1438 ἐκδοθείσας
1003 1355 1072 1426 καὶ
1091 1349 1353 1440 συνοικούσας
1374 1349 1548 1453 ἀνδράσι

149 1487 357 1580 γυναῖκας,
396 1471 448 1553 δν
475 1469 497 1552 d
527 1474 649 1577 πατήρ
678 1473 810 1553 αὐταῖν
836 1471 1036 1572 τελευτήσῃ
1061 1473 1115 1573 μή
1145 1477 1377 1554 καταλιπῶν
1407 1475 1548 1568 αὐτοῖς

35 1597 40 1609 '
149 1605 327 1702 γνησίους
347 1597 562 1699 ἀδελφούς,
590 1613 670 1689 τοῖς
688 1599 877 1707 ἐγγύτατα
897 1606 1031 1705 γένους
1050 1598 1246 1689 ἐπιδίκους
1265 1598 1385 1682 εἶναι.

800 1731 950 1825 (Isaeus
969 1727 1014 1804 de
1036 1727 1171 1830 Pyrrhi
1188 1730 1264 1807 her.
1285 1725 1319 1830 ξ.
1342 1733 1433 1824 64.)

786 1891 898 1967 1417.

257 2034 430 2112 Mulieres
449 2036 497 2113 ab
516 2036 607 2140 ipsis
626 2035 794 2139 patribus
814 2035 979 2111 elocatae
999 2045 1036 2109 et
1056 2034 1136 2134 jam
1154 2036 1193 2109 in
1213 2036 1463 2113 matrimonio
1483 2037 1542 2113 de·

149 2170 301 2257 gentes,
330 2189 443 2263 quum
462 2172 570 2264 pater
589 2189 716 2239 earum
735 2161 953 2254 decesserit,
985 2161 1086 2237 nulla
1113 2157 1218 2263 prole
1244 2162 1419 2238 mascula
1448 2163 1542 2263 legi·

150 2287 240 2362 tima
259 2287 406 2383 relicta,
435 2287 613 2391 proximis
631 2313 770 2388 genere
789 2288 828 2362 in
849 2287 1125 2363 matrimonium
1145 2285 1420 2389 adjudicentur.

790 2451 901 2525 1418.

258 2594 423 2681 Γνησίου
453 2583 564 2679 ὄντος
591 2594 696 2680 υἱέας
725 2584 804 2667 οὔκ
828 2597 930 2666 ἐστιν
949 2592 1148 2686 ἐπίκληρος
1168 2579 1188 2678 ή
1212 2584 1392 2691 θυγάτηρ
1402 2646 1417 2679 ,⁴
1448 2585 1539 2666 οὐδὲ

152 2704 332 2817 ὁκλήρος
351 2714 532 2802 ε’·πίδικος.
771 2719 919 2813 (Ιεεεαε
939 2716 984 2794 de
1004 2717 1221 2795 Philoctom.
1241 2714 1318 2792 her.
1342 2718 1430 2810 46.)

781 2881 893 2956 1418.

258 3020 296 3097 si
327 3023 424 3097 filins
451 3023 575 3099 existit
600 3024 806 3123 genuinus,
846 3024 922 3102 filia
949 3049 1024 3101 non
1053 3033 1109 3101 est
1135 3023 1381 3121 hereditaria,
1413 3052 1538 3128 neque

151 3145 334 3221 hereditas
354 3148 625 3224 controversiae
645 3132 701 3225 est
718 3149 889 3227 obnoxia.

783 3312 892 3386 1419.

254 3426 350 3509 Ἐάν
377 3436 415 3520 ἐξ
444 3428 650 3532 ἐπικλήρου
680 3465 733 3521 τις
761 3440 936 3538 γένηταί,
968 3432 1047 3535 ἅμα
1075 3440 1144 3509 καί
1169 3425 1374 3534 ήβήση.ε’·πί
1395 3433 1537 3526 δίετες,

151 3565 308 3653 κρατεῖν
325 3554 402 3633 τῶν
414 3556 641 3658 χρημάτων·
669 3558 740 3637 τὸν
759 3562 796 3638 δὲ
817 3572 925 3636 σῖτον
939 3570 1094 3659 μετρεῖν
1111 3559 1158 3657 τῇ
1171 3563 1297 3662 μητρί.

841 3689 1049 3783 (Demosth.
1069 3687 1197 3789 Steph.
1217 3689 1263 3765 II.
1286 3688 1429 3783 1134.)

780 3850 893 3927 1419.

258 3979 366 4071 Quod
394 3979 424 4053 si
452 3979 534 4079 quis
564 4004 583 4052 e
611 3979 687 4053 filia
713 3976 937 4054 hereditaria
964 3977 1075 4054 fuerit
1098 3987 1224 4070 natus,
1253 3982 1538 4081 quamprimum

151 4104 325 4205 pubuerit
342 4131 410 4207 per
428 4105 631 4198 biennium,
642 4105 821 4205 pecunias
839 4114 965 4181 teneat
976 4105 1160 4181 strictum
1178 4104 1287 4178 metri
1298 4102 1537 4183 demetiatur.

782 4269 895 4343 1420.

249 4386 329 4468 ”Ar
348 4383 368 4468 d
390 4392 545 4493 κρατῶν
572 4396 640 4467 καί
668 4388 801 4493 κύριος
829 4387 994 4497 γεγονώς
1022 4387 1085 4481 τής
1112 4387 1318 4488 ἐπικλήρου
1336 4390 1445 4467 κατά
1469 4391 1538 4472 τὸν

155 4516 297 4617 νόμον,
328 4514 445 4607 αὐτὸς
463 4517 518 4618 μή
549 4515 710 4605 δυνατὸς
738 4511 764 4617 ᾗ
792 4514 1031 4610 πλησιάζειν,
1060 4509 1140 4594 άπὸ
1168 4514 1246 4592 τῶν
1275 4519 1437 4622 ἔγγιστα
1466 4524 1535 4598 τοῦ

155 4641 293 4742 ἀνδρὸς
312 4640 538 4721 ὀπυίεσδαι·
564 4643 617 4744 μή
637 4645 727 4720 πᾶσι
748 4642 785 4721 δὲ
797 4702 807 4735 ,
838 4640 935 4719 ditet
965 4643 1043 4719 τῶν
1071 4643 1268 4749 συγγενῶν
1296 4645 1371 4720 τοῦ
1394 4643 1537 4747 ἀνδρὸς

154 4760 186 4872 ᾦ
204 4770 384 4870 βούλεται
413 4770 656 4876 διαλέγεσθαι
683 4768 754 4862 τήν
783 4773 1011 4869 ἐπίκληρον,
1042 4765 1140 4855 ὅπως
1160 4773 1310 4845 οἰκεῖον
1328 4764 1355 4869 ᾗ
1375 4780 1448 4849 καὶ
1465 4808 1537 4874 με·

154 4901 268 4994 tegor
293 4895 364 4971 τοῦ
394 4903 526 5000 γένους
544 4896 588 4972 τὸ
608 4895 847 4996 τικτόμενον.
889 4901 976 4995 Τρίς
995 4894 1033 4971 δὲ
1054 4893 1219 4970 ἑκάστου
1242 4893 1367 4994 μηνὸς
1397 4907 1537 5006 ἐντυγ-

150 5020 289 5120 χάνειν
307 5027 457 5112 πάντας
473 5021 518 5122 τῇ
538 5022 729 5122 ἐπικλήρῳ
747 5020 819 5099 τὸν
837 5021 1016 5122 λαβόντα.

680 5153 889 5251 (Plutarch.
908 5152 1032 5231 Solon.
1053 5154 1113 5228 20.
1143 5152 1223 5231 Lex
1242 5151 1431 5251 Solonis.)
