3436 5790
419 459 585 511 ussurus
604 459 625 508 s
644 456 813 510 runicus.
833 472 869 489 -·
885 457 1084 511 soosouunr
1103 457 1284 511 τοιαῦτα.
1468 434 1546 511 297

271 751 352 846 Tris
371 751 514 831 οὐσίαν
532 753 632 834 εἶναι
652 649 932 852 δημοσίαὸνῗὸδς
961 747 1013 835 ι’ἶν
1030 750 1313 860 ἐγγυησάμενός
1331 784 1367 829 τι
1387 754 1465 830 τῶν
1482 754 1545 845 τῆς

162 880 302 968 πόλεως
316 877 370 980 μη
392 877 567 982 ἀποδιδῷ
584 880 656 974 τήν
675 879 836 987 ἐγγύην..

742 991 955 1086 (Demosth.
976 990 1061 1066 adv.
1082 991 1281 1069 Nicostrat.
1306 991 1439 1083 1255.)

807 1135 897 1211 898.

267 1244 358 1345 Ejus
378 1271 469 1346 opes
488 1246 745 1349 publicentur,
770 1243 831 1346 qui
852 1244 1050 1348 sponsione
1071 1244 1171 1322 fucta
1189 1269 1257 1349 pro
1274 1268 1316 1323 re
1336 1242 1460 1347 eliqua
1477 1246 1557 1347 pu?⁴

165 1369 281 1465 blica,
302 1394 384 1445 eam
404 1396 480 1447 non
498 1369 659 1447 solverit.

808 1477 898 1553 899.

268 1579 649 1660 Καταδικασθέντισν
676 1580 794 1660 τινῶν
823 1579 1119 1681 δημοσιεύεσθαι
1147 1579 1216 1669 τὰς
1242 1578 1399 1671 οὐσίας,
1428 1585 1466 1658 tt’
1483 1584 1545 1656 λέ-

161 1714 267 1810 γοιέν
284 1736 405 1798 τινες,
434 1700 485 1795 ὦς
504 1708 637 1800 εἴησαν
666 1706 861 1784 δανεισταὶ
891 1705 971 1781 τῶν
1000 1705 1290 1807 δημευομένων,
1319 1704 1557 1814 ἀπογράφε-”

162 1838 257 1907 σθαι
275 1830 437 1921 τούτους
447 1892 458 1925 ,
488 1831 665 1910 ποτεναὶ
687 1836 811 1910 πόσον
829 1831 1030 1909 ἕδάνεισαν
1050 1829 1257 1937 ἀργύριον·
1286 1827 1378 1931 ὅπερ
1398 1838 1546 1937 λέγεται

161 1962 514 2057 ἑνειείσκημμα
542 1965 628 2033 καὶ
657 1956 1131 2059 ἐνεπισκήψασθαι·
1159 1962 1196 2033 εἰ
1214 1964 1348 2056 μέντοι
1368 1986 1412 2062 γε
1432 1988 1545 2058 παρι-

162 2082 296 2159 στᾶσιν
327 2082 511 2188 ε’·γγυητσὶς
539 2084 613 2161 τοῦ
635 2083 688 2185 μη
719 2079 771 2161 ἂν
789 2080 1077 2186 διαψεύσασθαι
1097 2089 1180 2181 περὶ
1199 2082 1274 2157 τοῦ
1292 2081 1544 2184 δανείσματος

161 2211 199 2283 oi
219 2207 480 2299 δανείσαντες,
510 2209 628 2286 τοῦτο
656 2208 838 2314 ἐγγύης
865 2207 1129 2312 καταβολή
1160 2213 1326 2312 λεγεται’
1356 2212 1474 2303 ἔξεστι
1502 2208 1541 2284 δὲ

161 2332 207 2430 τῇ
227 2339 387 2438 γυναικὶ
416 2334 568 2435 πρῶτον
594 2332 665 2426 την
693 2331 947 2434 ὀφειλομένην
971 2346 1114 2435 προῖκα
1135 2342 1281 2427 ζητεῖν,
1309 2341 1378 2410 καί
1397 2336 1452 2438 τῷ
1472 2333 1544 2411 δα-

161 2459 288 2559 νειστῄ
308 2458 353 2536 τὸ
373 2453 539 2561 ὄφλημα.
1086 2460 1268 2566 (Etymol.
1290 2461 1437 2563 Magn.)

267 2683 364 2760 Cum
382 2684 482 2758 bona
501 2680 746 2782 quorumdam
765 2572 1023 2782 pubiiduntun
1052 2680 1078 2755 ii
1107 2682 1170 2783 qui
1189 2681 1350 2758 dixerint
1368 2704 1408 2755 sc
1428 2704 1542 2781 pecu-

160 2810 260 2884 niam
277 2808 369 2909 ipsis
388 2805 606 2899 credidisse,
634 2806 675 2881 in
694 2806 830 2882 tubulis
854 2806 1110 2905 perscribant,
1141 2805 1290 2907 quondo
1310 2817 1347 2882 ct
1365 2817 1543 2906 quantam

161 2934 341 3035 pecuniae
360 2954 544 3007 summam
560 2929 607 3005 iis
626 2929 1001 3058 crediderint·,'qu0d
1012 2943 1167 3006 vocatur
1194 2931 1476 3008 vindicatio
1504 2941 1542 3007 et

160 3058 432 3134 vindicare.
471 3055 582 3149 Quod
611 3055 640 3131 si
669 3054 872 3131 creditores
900 3056 1144 3156 sponsoribus
1169 3056 1264 3132 datis
1285 3058 1472 3152 caverint,
1502 3083 1542 3133 se

161 3183 207 3259 de
227 3180 544 3284 pecuniacredita
568 3206 645 3257 non
673 3179 851 3279 mentiri,
871 3179 909 3258 id
937 3179 1295 3281 fidejussionis
1323 3193 1541 3285 praesta·

160 3310 229 3382 tio
256 3320 421 3383 vocatur.
459 3306 565 3382 Licet
593 3316 718 3382 autem
745 3305 850 3382 uxori
879 3303 1041 3409 primum
1059 3304 1224 3383 debitam
1242 3306 1314 3382 sibi
1334 3306 1459 3384 dotem
1477 3332 1542 3409 pe-

160 3445 260 3528 tere,
292 3444 328 3508 et
347 3430 521 3508 creditori
541 3429 716 3506 debitum.

174 3699 178 3702 -
262 3640 551 3749 Ἐγγράιμονται
579 3639 716 3731 πάντες
744 3645 782 3720 οὶ
810 3539 1132 3737 δδδδσκάνοντες·
1163 3640 1251 3743 ὅρος
1274 3643 1322 3733 δ’,
1353 3635 1540 3735 ἧσανὶςῆ

162 3767 261 3869 παρὰ
280 3770 328 3868 τῇ
347 3772 428 3870 deq}
448 3777 611 3870 κειμένη.
780 3773 992 3866 (Demosth.
1012 3800 1043 3850 c.
1063 3773 1253 3871 Aristogit.
1272 3776 1301 3850 Ι.
1323 3774 1434 3865 791.)

294 3996 297 4001 .
807 3916 895 3992 900.

266 4026 525 4103 Inscribuntur
551 4050 698 4116 ornnes,
728 4024 791 4126 qui
818 4026 1046 4127 reipublicae
1077 4025 1234 4123 debeut3
1261 4025 1390 4102 titulus
1417 4035 1541 4102 autem

162 4164 217 4227 est
234 4179 337 4230 asser
348 4152 457 4253 juxta
475 4151 585 4230 deam
603 4153 705 4230 situs,

584 4816 854 4882 Sociorum
893 4814 1113 4881 tributu.

807 4961 896 5038 sot.

266 5070 332 5154 Εἰς
350 5064 397 5141 roi
418 5070 605 5145 Διονύσια
629 5064 827 5160 Ἀθήναζε
845 5073 1026 5165 κομίζειν
1043 5065 1111 5157 τὰς
1131 5065 1256 5157 πόλεις
1274 5066 1365 5157 τούς
1384 5067 1538 5165 φόρους.

658 5194 805 5295 (schole
823 5197 865 5273 iu
883 5193 1122 5303 Aristophan.
1143 5195 1302 5276 Acharn.
1324 5197 1432 5293 ⁶04.)
1528 5272 1532 5279 .

1262 5318 1327 5392 15*
