3436 5790
413 434 721 499 consensurus
743 437 794 485 sn
815 431 877 492 ιιι.
895 432 959 489 επ.
979 431 1041 488 rso.
1062 431 1123 487 rar.
1384 408 1462 484 479

76 623 281 724 interesse;
310 627 444 728 quibus
476 635 600 703 autem
627 626 676 703 ob
704 627 912 729 piaculum,
941 638 1006 704 aut
1024 627 1098 704 alia
1116 623 1162 700 de
1181 649 1292 701 causa
1308 624 1462 700 interdi-

75 749 249 846 cebatur,
277 754 331 829 illi
351 751 509 828 vinculis
529 778 604 828 non
624 751 902 848 eximebantur,
922 765 963 829 ut
982 752 1070 829 dicit
1088 749 1248 851 Sopater
1267 749 1321 824 de
1341 749 1461 824 divi-

74 874 213 952 sione
237 877 573 976 quaestionis:
602 870 755 979 ἐξοὶγειν
774 871 1050 975 δεσμωτηρίου,
1071 865 1141 960 οὓς
1154 878 1332 971 μετέχειν
1351 870 1462 970 ἱερῶν

72 979 145 1072 Ιπαί
165 996 343 1076 σπονδῶν
360 993 514 1103 εὐαγὲς,
545 994 593 1074 ori
623 996 715 1086 τούς
742 995 993 1101 ἀκαθάρτους
1024 1004 1093 1074 καὶ
1122 994 1279 1101 ἀναγεῒς
1297 1001 1365 1070 καὶ
1384 994 1462 1072 τῶν

74 1127 394 1223 περιρραντηρίων
419 1120 763 1222 ἀπελαυνομένους.

663 1299 740 1384 Ad
756 1302 876 1385 4⁷0.
959 1376 963 1383 .

181 1464 315 1545 Suidas
342 1494 372 1544 s.
402 1494 436 1543 v.
465 1458 703 1560 Ἀπατούρια
715 1494 728 1536 .·
764 1465 907 1543 Bellum
937 1464 1167 1542 Ahenisnses
1194 1490 1280 1540 cum
1308 1465 1460 1540 Boeotis

73 1589 265 1689 gerebant.
303 1589 397 1667 Cum
424 1602 546 1667 autem
574 1591 760 1667 Xanthius
788 1592 952 1667 Boeotus
976 1591 1025 1668 ad
1054 1588 1241 1690 singulare
1269 1599 1461 1665 certamen

75 1712 323 1818 Thymoetem
342 1714 624 1792 Atheniensium
643 1742 771 1816 regem
795 1727 1038 1816 provocaret,
1066 1715 1175 1814 idque
1194 1716 1257 1791 ille
1276 1714 1460 1790 detrecta-

75 1852 151 1934 ret,
181 1840 410 1936 Melanthus,
440 1845 503 1941 qui
532 1853 609 1917 tum
638 1842 733 1917 forte
762 1839 891 1917 aderat
908 1841 1133 1933 Messenius,
1163 1852 1352 1916 certamen
1372 1837 1461 1914 illud

75 1967 247 2066 suscepit.
289 1966 527 2045 Certantibus
546 1967 767 2068 igiturillis,
795 1967 1006 2046 Melanthus
1024 1967 1159 2067 injuste
1178 1963 1383 2040 Xanthiam
1403 1963 1458 2039 fa·

75 2113 158 2165 cere
178 2090 290 2185 dixit,
319 2092 416 2192 quod
445 2118 528 2168 oum
556 2093 687 2167 comite
715 2093 754 2167 in
783 2103 970 2169 certamen
995 2089 1254 2167 descendisset.
1293 2090 1330 2165 Is
1349 2089 1461 2188 igitur

75 2239 159 2289 eum
178 2216 418 2318 respexisset,
437 2244 460 2292 a
479 2215 669 2293 Melantho
687 2215 904 2292 interfectus
924 2228 990 2292 est.
1019 2214 1118 2292 Hinc
1135 2215 1251 2313 igitur
1269 2224 1307 2289 et
1324 2213 1459 2291 festum

76 2338 306 2442 appellatum
323 2335 385 2442 :est
403 2341 656 2443 Deceptionis.
695 2339 768 2417 Alii
797 2367 884 2417 vero
913 2341 1059 2436 dicunt,
1088 2339 1222 2414 festum
1241 2335 1313 2413 hoc
1332 2336 1461 2439 appel-

75 2463 190 2539 latum
220 2466 334 2542 fuisse
367 2459 605 2561 Ἀπατούρια
633 2466 737 2566 quasi
760 2455 1049 2561 ‘Ouonardprm
1090 2463 1191 2564 quod
1219 2474 1344 2566 patres
1373 2477 1461 2537 tunc

76 2591 341 2687 convenirent,
370 2603 411 2666 ut
429 2590 523 2667 filios
547 2592 586 2667 in
605 2591 731 2666 album
750 2591 943 2668 referrent.

183 2714 279 2793 Vide
299 2717 411 2793 etiam
430 2717 567 2794 Lexica
586 2716 817 2817 Segueriana
835 2746 872 2820 p.
893 2716 982 2813 416,
1003 2714 1092 2811 417,
1113 2713 1202 2789 273.

663 2928 740 3013 Ad
757 2931 875 3011 4⁷⁷.

184 3091 317 3172 Suidas
335 3095 374 3171 in
388 3101 620 3198 μιιαγιογεῖν
632 3125 644 3166 .·
663 3094 758 3172 Cum
778 3096 860 3197 quis
879 3093 997 3169 filium
1010 3091 1089 3195 jam
1107 3086 1275 3167 adultum
1290 3087 1336 3164 ad
1347 3087 1458 3191 phra-

76 3229 176 3294 tores
195 3218 474 3316 introducebat,
499 3221 687 3297 victimam
706 3220 833 3296 statuti
853 3217 1029 3320 ponderis
1051 3216 1158 3293 simul
1177 3241 1261 3291 cum
1281 3240 1325 3290 eo
1344 3213 1459 3290 addu-

76 3343 203 3439 cebat,
233 3370 302 3418 nec
329 3346 511 3421 minorem
535 3346 623 3420 dare
643 3344 790 3420 licebat.
828 3341 924 3419 Cum
944 3352 1069 3418 autem
1088 3341 1240 3417 victima
1258 3339 1305 3415 ad
1325 3338 1461 3415 libram

77 3468 380 3568 appendebatur,
413 3471 696 3546 circumstantes
725 3466 956 3565 clamabant,
986 3472 1122 3562 μεῖον,
1147 3472 1284 3561 μεῖον,
1320 3464 1459 3562 signifi-

77 3603 204 3669 cantes
224 3619 307 3669 eam
319 3595 420 3695 justo
439 3593 604 3697 pondere
622 3594 801 3672 minorem
821 3617 912 3669 esse.

186 3717 242 3796 Cf.
263 3720 401 3797 Lexica
421 3720 573 3822 Seguar.
592 3746 630 3822 p.
650 3719 760 3795 279..

664 3894 740 3977 Ad
757 3894 875 3978 480.

184 4039 316 4120 suida
335 4071 363 4120 s.
384 4072 418 4120 v.
439 4043 617 4118 Χαλκεῖα
629 4069 641 4113 .·
661 4040 817 4120 Sacrum
835 4040 1126 4137 Atheniensium,
1145 4039 1245 4141 quod
1266 4040 1328 4115 alii
1348 4036 1459 4119 Athe-

76 4193 172 4244 naea
190 4182 347 4262 vocant,
376 4171 438 4246 alii
467 4163 698 4265 Πάνδημον,
728 4168 829 4271 quod
858 4168 907 4244 ab
934 4166 1106 4246 universo
1134 4164 1275 4268 populo
1295 4165 1458 4242 celebra·

75 4292 197 4370 batur.
218 4335 269 4346 —
289 4292 444 4372 Sacrum
463 4295 550 4372 olim
569 4294 719 4394 quidem
737 4294 918 4397 populare
938 4305 975 4369 et
994 4292 1198 4395 antiquum,
1217 4301 1350 4392 postea
1368 4315 1458 4367 vero

76 4417 204 4496 asolis
231 4419 434 4498 artificibus
464 4420 645 4497 celebrari
670 4421 812 4521 coepit,
843 4418 943 4519 quod
962 4418 1154 4497 Vulcanus
1182 4416 1221 4492 in
1241 4413 1368 4492 Attica
1395 4440 1459 4491 aes

75 4539 272 4637 (χαλκόν)
293 4547 464 4623 audisset.
500 4547 589 4623 Dies
608 4557 733 4622 autem
752 4556 832 4621 erat
850 4544 1001 4622 ultimus
1020 4543 1157 4621 mensis
1176 4541 1458 4645 Pyanepsionis,

76 4694 149 4766 quo
169 4670 280 4746 etiam
300 4671 510 4749 sacerdotes
529 4698 614 4748 cum
633 4669 882 4773 Arrhephoris
900 4668 1053 4772 peplum
1072 4668 1261 4746 texebant

661 4881 739 4966 Ad
763 4881 874 4965 481.

184 5028 317 5107 Suidas
335 5056 364 5106 s.
384 5057 418 5107 v.
438 5022 774 5126 Μαιμακτηριών.·
801 5029 963 5123 Quintus
980 5026 1118 5104 mensis
1136 5025 1237 5128 apud
1257 5022 1457 5104 Athenien·

77 5182 155 5252 res,
186 5158 265 5233 sive
283 5155 589 5252 Januarius,sic
618 5153 741 5232 dictus
768 5155 823 5231 ab.
845 5153 947 5231 Jove
968 5152 1185 5232 Maemacte.
1223 5143 1457 5246 Marpessa
