3436 5790
215 358 295 439 596
666 381 973 436 commeabimus
995 383 1046 431 un
1068 374 1146 434 1³15.

214 579 342 675 νὲψιοι
363 571 628 670 διαφέρουσιν·
661 569 819 672 ἀνεψιοὶ
844 572 919 668 μὲν
947 567 1018 672 γάρ
1037 572 1137 644 εἰσιν
1157 572 1194 645 ol
1214 568 1292 644 τῶν
1311 566 1495 666 ἀδελφῶν
1514 580 1607 646 παῖ-

136 746 137 749 ¹
214 699 295 791 δις,
324 705 520 799 ἐξανὲψιοι
542 698 580 775 δὲ
602 704 636 774 ol
657 701 735 776 τῶν
755 695 931 797 ἀνεψιῶν
951 696 1092 783 παῖδες.
1121 693 1333 798 [Ἀνεψιοὶ
1352 712 1390 778 et
1409 702 1605 797 ἐξανέψιοι

213 831 409 923 differuut;
438 828 491 904 illi
522 828 619 903 enim
648 840 738 905 sunt
765 826 919 904 fratrum
946 826 1072 920 liberi,
1102 826 1139 902 hi
1158 838 1280 902 sutem
1300 827 1454 904 fratrum
1472 826 1606 903 libero

213 983 296 1034 rum
313 954 452 1045 liberi.)

318 1098 503 1176 Sobrinus
521 1108 589 1191 est,
609 1109 650 1173 ut
668 1097 721 1173 ait
741 1094 872 1174 Gallus
883 1094 1022 1191 Aelius,
1042 1096 1160 1197 patris
1177 1096 1251 1171 mei
1269 1096 1487 1174 consobrini
1507 1097 1606 1174 filius

212 1236 250 1301 et
268 1225 396 1302 matris
416 1247 521 1299 meae
540 1222 787 1299 consobrinae
810 1221 918 1297 filius.
938 1221 1095 1298 Femina
1113 1223 1246 1298 iisdem
1263 1222 1312 1297 de
1331 1224 1452 1301 causis
1472 1224 1604 1326 appel·

211 1351 263 1426 lat
292 1350 443 1426 fratrem
463 1361 501 1424 et
519 1349 671 1425 fratrem
698 1347 908 1448 patruelem
937 1358 975 1423 et
1001 1348 1266 1425 consobrinum
1293 1361 1331 1424 et
1357 1349 1515 1450 propius
1544 1376 1604 1426 so-

211 1476 320 1551 brino
340 1488 378 1552 et
396 1474 674 1551 consobrinum.
693 1473 812 1551 lidenr
831 1471 969 1572 gradus
986 1472 1027 1550 in
1045 1474 1196 1551 sobrina
1214 1500 1361 1575 quoque
1381 1485 1478 1552 sunt
1500 1475 1553 1568 (F
1564 1501 1601 1550 e·

210 1609 318 1676 stus
346 1626 376 1676 s.
398 1628 432 1675 v.
462 1598 744 1691 Sobrinus.)

237 1736 1088 1841 'fffflfflmfflfflss

256 1874 258 1879 ’
317 1871 363 1962 1)
391 1868 553 1961 oriundi,
572 1894 596 1945 a
616 1868 795 1946 defuncto
814 1869 935 1968 primo
953 1869 1076 1968 gradu
1096 1869 1194 1944 filius
1214 1878 1251 1945 et
1269 1869 1357 1962 filia,
1375 1869 1415 1944 in
1434 1870 1602 1946 secundo

210 2021 328 2096 nepos
347 2007 384 2070 et
402 1996 527 2096 neptis
546 1988 721 2088 (υῖδοῦς,
751 1987 857 2085 υὶδῆ)
876 1992 1058 2070 dicuntur.

317 2119 366 2214 2)
393 2120 450 2197 Ex
470 2120 588 2196 altera
607 2129 734 2221 parte,
763 2146 786 2195 a
815 2119 950 2219 quibus
975 2119 1057 2218 ipse
1087 2144 1208 2218 genus
1237 2118 1357 2214 ducit,
1385 2120 1497 2221 primi
1516 2147 1600 2221 gra·

208 2246 297 2341 dus,
328 2255 436 2347 pater
455 2257 492 2320 et
510 2257 649 2339 mater,
679 2244 833 2320 secundi
850 2269 946 2320 avus
966 2255 1002 2320 et
1021 2244 1107 2321 avia
1124 2244 1372 2345 appellantur.

315 2372 363 2448 II.
393 2369 512 2446 Linea
539 2368 674 2447 deinde
705 2380 919 2445 transversa
948 2362 1069 2460 (κατὰ
1095 2362 1256 2463 πλάτος)
1286 2382 1467 2471 cognatos
1486 2396 1599 2447 sensu

208 2497 383 2600 proprio,
412 2496 483 2572 hoc
502 2508 578 2588 est,
608 2495 671 2595 qui
690 2496 876 2571 communi
905 2520 990 2573 cum
1019 2494 1199 2571 defuncto
1223 2495 1414 2594 gaudeant
1433 2497 1598 2596 origine,

207 2622 385 2700 continet.
405 2679 413 2697 .
434 2678 442 2697 .
465 2679 473 2696 .
492 2621 612 2719 Igitur
1166 2708 1169 2714 ι

315 2752 359 2842 1)
388 2750 549 2852 primum
570 2747 765 2824 abeodem
796 2759 900 2850 patre
928 2746 990 2822 vel
1015 2759 1133 2824 matre
1153 2773 1237 2823 cum
1256 2747 1432 2825 defimcto
1453 2745 1598 2834 oriundi

207 2886 293 2951 sunt
312 2874 446 2951 fratres
466 2889 503 2950 et
522 2901 688 2968 sorores,
710 2865 1240 2973 quommlibem’ddetcprdot,
1261 2867 1468 2964 ἀδελφιδαί
1488 2872 1596 2966 (Nef-

187 3001 291 3106 ¹fen)
310 3000 494 3076 dicuntur.

315 3124 360 3216 2)
388 3124 535 3200 Deinde
555 3125 725 3219 veniunt,
746 3124 881 3222 quibus
900 3148 993 3200 avus
1013 3126 1074 3199 vel
1094 3125 1181 3200 avia
1199 3151 1286 3202 cum
1304 3123 1479 3203 defuncto
1499 3148 1596 3200 com·

207 3250 350 3342 munis,
379 3250 442 3347 qui
462 3250 582 3349 primo
601 3248 721 3347 gradu
739 3261 895 3350 patruus
916 3259 953 3323 et
972 3250 1199 3345 avunculus,
1228 3251 1341 3327 amita
1358 3251 1446 3326 item
1466 3262 1503 3326 et
1520 3275 1596 3327 ma·

206 3383 363 3468 tortere,
393 3375 579 3449 communi
608 3401 696 3450 vero
726 3369 826 3477 apud
846 3374 1002 3452 seriores
1022 3376 1173 3452 nomine
1196 3378 1324 3464 θεῖος,
1357 3374 1447 3448 θεία
1466 3376 1595 3477 appel-

206 3500 340 3576 lantur.
379 3500 453 3592 Qui
481 3500 534 3575 uti
562 3500 634 3602 ipsi
662 3499 793 3575 eodem
817 3484 1057 3599 cognationis
1086 3512 1236 3577 mutuae
1265 3527 1405 3598 genere
1425 3527 1512 3577 oum
1530 3525 1593 3602 pa·

206 3635 309 3700 rente
330 3624 498 3701 defuncti
516 3634 687 3720 utuntur,
716 3627 768 3701 ita
795 3625 903 3701 liberi
932 3654 1060 3704 eorum
1090 3638 1127 3703 et
1155 3628 1215 3704 hic
1242 3628 1324 3730 ipse
1343 3627 1413 3704 sibi
1432 3627 1592 3703 invicem

206 3764 293 3825 sunt
310 3752 520 3827 consobrini
539 3745 740 3848 (ἀνεψιοί,
771 3745 953 3851 ἀνεψιαὶ,
983 3754 1192 3851 cousins,
1216 3753 1487 3852 gamains,
1517 3752 1590 3830 Ge-

205 3876 560 3969 schuisterkinder).
599 3877 755 3955 Oriundi
784 3905 874 3955 vero
902 3868 993 3956 sunt*
1015 3891 1079 3957 aut
1107 3880 1323 3957 afratribus
1353 3879 1423 3974 (ἐκ
1447 3903 1593 3974 πατρα-

207 3996 378 4092 δέλφων,
407 4001 541 4079 fratres
570 4004 808 4105 patrueles),
843 4016 908 4079 aut
934 4030 956 4079 a
984 4005 1173 4081 sororibus
1202 4007 1278 4099 (ἐκ
1301 3997 1591 4100 μητραδέλφων,

205 4128 419 4202 consobrini
437 4130 585 4232 proprio
605 4133 748 4226 seusu),
777 4142 841 4207 aut
860 4156 882 4207 a
901 4131 1018 4208 fratre
1037 4143 1076 4208 et
1094 4159 1221 4210 sorore
1240 4131 1435 4226 (amitini).

313 4251 443 4329 Potest
469 4280 557 4333 vero
586 4257 821 4333 consobrinis
850 4257 1014 4336 defuncti
1043 4283 1125 4335 esse
1154 4258 1250 4334 filius
1279 4258 1342 4334 vel
1365 4257 1450 4334 filia
1489 4255 1592 4334 'Palis

205 4375 417 4478 appellatur
435 4371 609 4478 ἀνεψιῶν
629 4390 726 4464 παῖς.

312 4502 357 4595 3)
386 4503 513 4582 Tertio
536 4508 616 4609 jam
643 4509 726 4583 loco
755 4510 818 4609 qui
846 4510 977 4587 eodem
1008 4533 1150 4611 proavo
1176 4510 1235 4587 vel
1254 4511 1410 4613 proavia
1428 4519 1590 4603 utuntur,

204 4627 398 4703 sobrini
425 4630 586 4707 invicem
614 4659 637 4708 a
664 4633 809 4711 Latinis
838 4637 1087 4739 appellantur.
1126 4636 1243 4714 Vides
1272 4661 1334 4714 eos
1357 4635 1441 4737 ipsa
1457 4645 1594 4712 natura

204 4777 316 4850 quum
336 4754 495 4830 maxime
524 4779 604 4832 esse
634 4756 801 4836 diversos
828 4762 875 4835 ab
896 4754 1072 4858 ἀνεψιῶν
1091 4763 1221 4850 παισί,
1250 4764 1329 4841 sive
1349 4760 1589 4839 consobrino·

204 4903 286 4949 rum
305 4877 450 4950 liberis:
479 4879 535 4953 his
555 4879 753 4955 defunctus
782 4897 839 4960 est
866 4888 1020 4988 propius
1049 4889 1201 4965 sobrino
1232 4888 1369 4983 (Oncle
1389 4893 1409 4960 lr
1427 4888 1464 4964 la
1481 4887 1591 4963 mode

203 4995 247 5071 de
278 5000 508 5096 Bretagne),
542 4999 593 5073 illi
623 5001 781 5078 invicem
810 5010 938 5085 eadem
967 5009 1138 5088 fruuntur
1166 5013 1400 5113 cognationis
1436 5013 1589 5089 ratione.

203 5120 297 5203 Quis
317 5120 431 5215 igitur
450 5121 591 5236 dubitet
610 5124 710 5198 aliud
729 5128 767 5202 iu
787 5130 917 5231 lingua
932 5135 1081 5211 Graeca
1108 5138 1194 5214 huic
1223 5139 1355 5219 rationi
1373 5139 1589 5237 significan-
