3436 5790
634 416 944 468 coumaurnurus
964 419 1016 471 ao
1037 418 1100 472 964.
1480 403 1556 476 533

170 611 435 705 contribuisse,
466 624 502 687 et
520 611 616 685 hauc
636 633 769 683 census
790 619 954 707 partem,
984 612 1029 685 de
1060 639 1134 712 qua
1162 613 1342 688 tributum
1365 618 1557 694 conferen-

170 739 259 816 dum
279 750 376 827 erat,
406 749 575 811 vocatam
595 735 707 810 fuisse
726 732 881 825 τίμημα.

276 862 317 939 Si
327 864 451 962 itaque
471 859 628 960 quilibet
647 858 783 932 civium
803 857 1153 968 quinquagesimam
1171 890 1321 940 suarum
1340 867 1557 944 facultatum

169 1001 316 1093 partem
344 987 472 1063 debuit
501 984 688 1073 conferre,
729 993 816 1058 tunc
849 986 1255 1089 pentacosiomedimui¹
1285 992 1475 1068 solverunt
1511 994 1557 1070 de

169 1115 269 1191 omni
290 1140 403 1189 censu
421 1110 564 1185 minimi
583 1119 787 1211 proventus
808 1110 907 1201 (500
921 1117 962 1200 ><
985 1111 1031 1185 12
1047 1145 1091 1172 =
1105 1113 1230 1207 6000)
1251 1115 1447 1193 drachmas
1468 1119 1556 1212 120,

169 1241 311 1341 equites
331 1247 455 1313 autem
472 1235 613 1310 minimi
642 1245 847 1335 proventus
876 1235 994 1310 solum
1024 1235 1070 1312 dc
1103 1237 1281 1316 dextante
1307 1266 1437 1317 census
1457 1243 1557 1335 (300

167 1366 274 1454 ><12
294 1366 368 1456 17⁵)
397 1362 593 1437 drachmas
618 1363 688 1452 00,
719 1371 757 1434 61
784 1360 928 1434 minimi
957 1373 1160 1461 proventus
1183 1365 1379 1465 jugatores
1407 1369 1555 1445 nonnisi

167 1491 215 1567 de
234 1491 262 1575 1,
280 1516 414 1565 census
434 1486 603 1587 partibus
623 1486 827 1579 (150><12
848 1515 857 1560 :
876 1481 925 1580 a)
946 1485 1142 1563 drachmas
1162 1489 1305 1586 viginti.

276 1615 539 1691 Examinemus
552 1612 632 1711 jam
652 1611 750 1686 hanc
768 1611 1093 1711 computationem.

275 1755 434 1834 Annuus
454 1755 619 1855 equitum
639 1764 844 1854 proventus
871 1754 993 1828 effecit
1021 1755 1141 1829 300·-
1156 1757 1232 1829 499
1252 1757 1468 1853 drachmas,
1493 1761 1554 1862 ju·

167 1895 341 1985 gatorum
361 1891 486 1958 autem
505 1879 712 1955 secundum
731 1877 963 1953 Boeckhium
992 1878 1142 1979 quidem
1172 1883 1382 1956 rao—299
1401 1881 1467 1978 dn,
1497 1910 1553 1959 se-

167 2010 331 2087 cundum
349 2019 514 2084 nostram
533 2005 756 2081 sententiam
785 2029 874 2079 vero
893 2003 1104 2078 200--299
1124 2006 1176 2081 dr.
1213 2007 1419 2105 Fingamus
1437 2010 1554 2108 igitur

167 2135 327 2234 equitem
356 2131 529 2207 habuisse
558 2157 722 2205 annuum
756 2140 979 2230 proventum
1016 2132 1097 2205 490
1125 2131 1397 2209 drachmarum.
1445 2132 1554 2212 Tunc

167 2259 288 2336 omnis
308 2259 389 2359 ejus
408 2283 541 2335 census
569 2255 693 2332 effecit
713 2254 1060 2342 490><12=5880
1080 2256 1296 2351 drachmas,
1324 2259 1467 2354 rippas
1488 2288 1552 2337 au.

165 2400 244 2464 tem
271 2386 376 2462 5880
396 2412 404 2458 :
424 2384 629 2471 ½=l900
655 2381 870 2475 drachmas,
900 2396 937 2458 61
964 2380 1051 2458 hinc
1078 2382 1346 2460 conferendum
1372 2386 1551 2462 tributum

168 2514 273 2586 4900
294 2541 302 2586 :
324 2510 498 2584 50:98
523 2507 728 2583 drachmas.
768 2507 859 2600 Quis
882 2507 962 2607 jam
991 2507 1185 2584 crediderit
1214 2509 1376 2608 equitem
1404 2512 1553 2589 nonnisi

167 2640 219 2712 98
238 2636 433 2714 drachmas
453 2633 671 2727 contulisse,
703 2631 791 2709 dum
819 2633 1245 2733 pentacosiomedimnus
1274 2660 1296 2708 a
1324 2638 1400 2709 500
1419 2636 1550 2711 drach·

165 2764 236 2841 mis
258 2763 334 2836 120
353 2760 549 2837 drachmas
569 2757 755 2835 contulit?
793 2758 1014 2859 Hujusmodi
1039 2759 1139 2835 enim
1156 2761 1551 2860 pentacosiomedimni

166 2899 370 2991 proventus
409 2885 537 2960 decem
573 2894 718 2959 tantum
755 2882 938 2959 drachmis
975 2885 1167 2984 superavit
1202 2897 1426 2986 proventum
1452 2886 1549 2963 illius

166 3014 320 3116 equitis;
357 3038 429 3113 quo
467 3022 578 3111 pacto
615 3009 729 3108 igitur
757 3009 946 3086 debuisset
974 3011 1025 3084 22
1054 3010 1237 3088 drachmis
1266 3010 1350 3114 plus
1372 3014 1554 3095 conferre.

164 3166 278 3241 quam
297 3137 442 3238 eques?

271 3264 477 3363 Fingamus
505 3288 619 3364 porro
641 3261 827 3361 jugatoris
856 3260 1013 3362 alicujus
1042 3287 1208 3341 annuum
1226 3273 1451 3366 proventum
1471 3266 1549 3343 290

154 3391 359 3471 drachmas
388 3387 575 3482 effecisse,
614 3396 651 3461 61
680 3410 938 3488 comparemus
974 3384 1073 3464 hunc
1101 3402 1327 3490 proventum
1356 3417 1440 3467 cum
1469 3392 1548 3466 300

164 3515 421 3593 drachmarum
440 3523 625 3614 proventu
644 3512 801 3612 alicujus
821 3512 964 3612 equitis.
1002 3512 1122 3590 Totus
1136 3515 1325 3615 jugatoris
1344 3541 1476 3591 census
1495 3516 1547 3590 ef-

162 3641 310 3718 fecisset
330 3636 675 3742 290><12=3480
695 3634 907 3730 drachmas,
936 3635 1045 3738 hujus
1064 3638 1208 3734 τίμημα
1227 3640 1548 3725 3480272=1930

162 3766 231 3861 dn,
261 3776 298 3841 61
317 3764 584 3843 conferendum
604 3765 783 3840 tributum
806 3763 927 3838 193οε
946 3764 1102 3838 50:38
1122 3766 1329 3843 drachmas.
1368 3766 1546 3860 Quamvis

161 3892 275 3989 igitur
308 3916 421 3988 eques
454 3889 602 3965 nonnisi
630 3890 760 3964 decem
788 3887 970 3966 drachmis
998 3890 1175 3990 majorem
1204 3890 1359 3968 haberet
1387 3919 1544 3993 proven-

160 4029 260 4112 tum,
290 4027 416 4091 tamen
436 4015 486 4087 22
507 4012 690 4090 drachmis
710 4011 794 4113 plus
814 4011 1005 4089 debuisset
1025 4015 1220 4111 conferre,
1247 4042 1359 4115 quam
1371 4017 1546 4118 jugator!

269 4143 373 4218 Haec
402 4140 589 4217 sufficient
615 4139 663 4214 ad
689 4136 975 4241 improbandam
1004 4138 1206 4217 doctissimi
1234 4135 1414 4218 Boeckhii
1445 4169 1543 4220 com-

159 4268 403 4370 putationem.

267 4390 413 4468 Similes
432 4391 547 4467 habet
562 4390 800 4467 difficultates
811 4392 1040 4494 computatio
1052 4393 1282 4469 celeberrimi
1295 4393 1407 4494 Angli
1427 4391 1544 4473 Grote

160 4519 358 4614 (Hister
367 4545 392 4617 y
412 4519 465 4593 of
481 4517 669 4595 Graece
689 4517 770 4593 Vol.
790 4518 857 4595 ΙΙΙ.
878 4547 912 4619 p.
935 4521 1051 4611 156),
1082 4546 1101 4595 6
1121 4520 1438 4625 cujussententia
1457 4551 1542 4626 pro-

159 4656 291 4720 ventus
310 4644 705 4744 pentacosiomedimni
724 4669 792 4745 per
813 4644 883 4737 12,
913 4645 1047 4743 equitis
1067 4672 1135 4745 per
1158 4648 1205 4719 10
1225 4658 1262 4722 61
1274 4646 1459 4746 jugatoris
1477 4675 1544 4753 per

163 4770 318 4845 5debet
337 4768 594 4868 multiplicari,
622 4783 663 4845 ut
691 4771 808 4845 omnis
836 4796 964 4846 cortun
993 4796 1125 4846 census
1152 4783 1350 4874 appareat,
1380 4774 1442 4874 qui
1461 4788 1542 4851 tan·

161 4920 272 4996 quam
299 4896 443 4989 τίμημα
472 4921 618 4995 quoque
648 4896 695 4970 sit
723 4896 1024 4973 considerandus.
1067 4895 1279 4974 Secundum
1309 4899 1404 4978 hanc
1430 4903 1544 5001 igitur

162 5022 474 5122 computationem
492 5021 664 5098 minimus
684 5047 816 5098 census
834 5021 892 5099 vel
911 5023 1054 5118 τίμημα
1074 5025 1467 5127 pentacosiomedimni
1490 5028 1542 5102 ef-

163 5150 292 5223 ficeret
319 5147 423 5220 6000
452 5147 701 5241 (500><12),
731 5147 863 5247 equitis
891 5149 995 5223 3000
1023 5149 1266 5245 (300><10)
1295 5161 1332 5226 et
1354 5152 1544 5252 jugatoris
