3436 5790
678 387 987 441 COMMENTARIUS
1006 388 1060 440 ΑΙ)
1080 385 1160 439 1159.

804 587 880 674 Aa
899 591 1034 674 naa.

332 760 618 838 Athenaeus
638 757 704 852 VI,
728 756 826 830 267:
856 755 1105 833 Athenienses
1133 757 1278 833 servilis
1297 758 1412 833 etiam
1428 758 1537 831 sortia
1557 783 1616 831 ra-

224 885 363 962 tionem
382 884 584 972 habentes,
611 882 736 982 legem
755 882 964 972 sciverunt,
994 891 1035 955 nt
1065 881 1111 957 de
1140 882 1367 957 contumelia
1385 907 1480 981 quae
1500 882 1617 955 servis

223 1010 335 1085 etiarn
364 1021 463 1086 esset
489 1006 612 1101 illata,
642 1008 794 1084 daretur
822 1005 929 1082 actio.
975 1008 1105 1108 Itaque
1136 1005 1348 1109 Hyperides
1376 1008 1415 1081 in
1447 1006 1616 1082 oratione

224 1146 356 1211 contra
373 1135 622 1214 Mantitheum
641 1138 713 1213 ait:
746 1138 852 1234 „lege
872 1146 1094 1227 sanxerunt,
1116 1147 1250 1211 utnon
1270 1133 1383 1210 modo
1402 1161 1470 1235 pro
1490 1133 1616 1211 liberis

223 1257 456 1353 hominibus,
485 1287 615 1338 verum
644 1262 755 1337 etiam
776 1262 806 1336 si
826 1261 909 1360 quis
928 1260 967 1336 in
987 1262 1083 1336 servi
1105 1287 1241 1362 corpus
1266 1259 1532 1337 contumeliam
1552 1259 1614 1334 ad-

222 1387 402 1478 misisset,
432 1386 532 1462 actio
560 1385 711 1463 daretur
737 1396 867 1462 contra
894 1384 1016 1460 eum.“
1055 1385 1167 1461 Paria
1181 1383 1384 1485 Lycurgus
1413 1386 1503 1463 dicit
1533 1409 1613 1460 ora-

220 1512 321 1587 tione
340 1512 379 1587 in
398 1511 689 1613 Lycophronem
708 1523 745 1586 et
764 1510 1038 1587 Demosthenes
1058 1521 1190 1587 contra
1210 1511 1374 1587 Midiam.

328 1655 574 1731 Demosth.
604 1656 653 1730 in
672 1654 880 1744 Midiam.
901 1654 998 1727 529:
1029 1652 1240 1750 Legislator
1260 1679 1376 1752 usque
1396 1681 1441 1729 eo
1461 1679 1612 1754 proces·

221 1781 289 1871 sit,
319 1794 378 1865 ut,
411 1781 558 1854 tametsi
587 1806 695 1855 servo
725 1778 950 1855 contumelia
979 1779 1078 1853 facta
1105 1777 1235 1867 fuerit,
1266 1805 1343 1852 non
1369 1779 1492 1853 minus
1511 1778 1550 1852 in
1569 1803 1614 1852 ea

222 1932 335 1980 causa
353 1902 538 2004 publicam
557 1906 740 1980 actionem
761 1902 917 1978 dederit.
956 1904 1088 2002 Neque
1116 1903 1215 1977 enim
1245 1902 1391 2002 putavit
1417 1902 1612 2001 respicien-

221 2030 330 2137 dum,
360 2029 443 2127 quis
462 2040 559 2103 esset
578 2029 641 2127 qui
660 2039 871 2129 pateretur,
901 2029 966 2104 sed
994 2027 1202 2128 cujusmodi
1231 2053 1288 2104 res
1318 2040 1417 2103 esset
1436 2053 1531 2125 qnae
1550 2028 1611 2100 lie-

220 2167 288 2229 ret
325 2154 448 2245 Quam
468 2179 583 2253 quum
608 2180 683 2227 non
712 2153 845 2230 decere
875 2154 1096 2252 reperisset,
1124 2177 1247 2250 neque
1265 2153 1304 2226 in
1324 2177 1472 2227 servum
1491 2177 1611 2251 neque

221 2280 374 2354 omnino
393 2278 431 2351 in
450 2304 664 2377 quenquam
692 2277 879 2353 licentiam
904 2277 1064 2352 laciendi
1084 2278 1262 2378 permisit
1301 2278 1387 2351 Non
1408 2288 1465 2350 est
1491 2277 1610 2358 enim,

220 2431 296 2478 non
316 2415 383 2497 est,
408 2403 668 2496 Athenienses,
689 2403 892 2501 quidquam
912 2428 1036 2477 rcrrrm
1053 2404 1217 2478 omnium
1236 2401 1505 2477 intolerabilius
1525 2428 1611 2477 con·

220 2529 390 2618 timelia,
420 2540 485 2604 aut
503 2529 643 2629 majore
661 2527 771 2603 nobis
790 2525 1046 2625 indignatione
1064 2526 1344 2602 vindicandum.

288 2714 292 2718 ·
327 2670 387 2746 Ad
416 2670 512 2768 legis
538 2671 659 2746 verba
684 2671 723 2745 in
743 2665 1006 2744 Demosthenis
1026 2668 1193 2745 llidiana
1217 2697 1254 2771 p.
1275 2670 1373 2761 529,
1402 2661 1489 2740 ὅσοι
1515 2663 1611 2767 γρά-

219 2823 370 2889 φωνται
389 2790 541 2897 γραφάς
560 2791 662 2880 ἰδίας
681 2794 960 2871 observandum
977 2821 1064 2871 curn
1085 2794 1250 2872 Heraldo
1270 2793 1611 2887 (Animadversll.

218 2947 301 3022 cap.
325 2921 386 2996 10.
414 2950 451 3022 p.
480 2920 588 3014 125.)
616 2921 718 3022 quod
747 2913 985 3030 ἰδία-γραφὴ
1015 2914 1162 3016 ὕβρεως
1190 2920 1239 2996 sit
1265 2920 1485 2996 iniuriarum
1513 2919 1610 2995 actio

219 3043 369 3146 publico
390 3043 533 3146 judicio
560 3047 747 3139 instituta,
776 3046 842 3122 sed
871 3073 941 3147 pro
965 3046 1100 3148 injuria
1128 3046 1226 3122 sibi
1253 3046 1352 3147 ipsi
1379 3045 1504 3138 illata,
1534 3069 1610 3119 non

219 3169 395 3257 alteri,
415 3194 511 3270 quae
530 3169 626 3265 ideo,
647 3169 715 3246 etsi
736 3182 792 3247 est
809 3170 974 3272 publica,
995 3152 1198 3248 esttamen
1216 3196 1338 3272 paene
1356 3169 1490 3252 αἰκίας
1509 3164 1610 3255 δίκη.

281 3332 284 3337 ·
327 3313 372 3388 ln
399 3313 484 3410 lege
511 3312 612 3414 apud
642 3312 864 3398 Aeschinem
893 3312 1104 3409 (Timarch.
1127 3314 1210 3408 16.)
1237 3312 1490 3413 schellingius
1518 3311 1611 3421 haec

219 3437 416 3540 proponit:
454 3422 487 3535 ᾦ
515 3429 567 3510 dv
594 3431 639 3510 τὸ
675 3432 926 3534 δικαστήριον
963 3433 1142 3514 θάνατον
1181 3441 1415 3536 ψηφίσηται,
1444 3448 1610 3516 statuens

221 3553 399 3634 θάνατον
418 3563 591 3640 facillime
611 3565 648 3639 in
666 3555 778 3636 κατὰ
790 3565 976 3665 corrumpi
995 3565 1171 3663 potuisse.

326 3705 578 3782 Isocrates
606 3731 637 3782 c
666 3705 937 3782 Lochitem.
966 3700 1067 3806 §.az
1094 3708 1140 3784 In
1159 3705 1242 3781 aliis
1261 3706 1478 3782 criminibus
1497 3709 1532 3782 ei
1551 3734 1608 3783 so-

218 3831 296 3906 lum
314 3830 378 3931 qui
396 3831 562 3906 offensus
580 3843 655 3923 est,
684 3831 782 3907 actio
809 3830 849 3905 in
878 3827 1134 3905 adversarium
1156 3828 1286 3926 datur3
1313 3831 1360 3908 de
1383 3833 1610 3908 contumelia

219 3982 330 4049 vero,
356 3967 533 4056 tanquam
551 3956 705 4033 crimine
722 3956 899 4058 publico,
928 3955 1128 4057 unicuique
1157 3954 1294 4031 civium
1322 3982 1364 4033 re
1388 3955 1490 4057 apud
1508 3957 1607 4034 thes

219 4080 403 4157 mothetas
420 4081 615 4182 proposita
636 4081 762 4160 venire
780 4082 819 4156 in
831 4081 1017 4184 judicium
1035 4080 1131 4158 licet

217 4330 219 4334 .
325 4221 575 4301 Plutarch.
602 4223 765 4302 Solon.
797 4227 866 4303 18:
895 4227 981 4321 Quo
1009 4227 1129 4325 magis
1148 4225 1384 4328 plebeiorum
1400 4227 1608 4305 infirmitati

220 4347 339 4424 Solon
358 4349 621 4449 opitularetur,
649 4352 825 4454 injuriam
844 4354 953 4431 alicui
971 4353 1114 4430 illatam
1142 4352 1360 4454 unicuique,
1387 4354 1451 4456 qui
1468 4355 1606 4432 voluis

218 4483 297 4564 set,
325 4475 571 4574 persequendi
599 4489 826 4578 potestatem
853 4479 950 4556 lecit
987 4479 1120 4578 ltaque
1139 4478 1171 4552 si
1190 4479 1250 4554 cui
1278 4479 1394 4581 plaga
1420 4480 1605 4582 imposita,

219 4609 284 4674 aut
302 4596 482 4675 damnum
501 4600 650 4695 datum,
676 4613 742 4679 ant
759 4603 818 4678 vis
835 4603 937 4680 facta
954 4619 1074 4697 essct,
1092 4601 1229 4678 licebat
1246 4604 1301 4698 ei,
1320 4604 1384 4703 qni
1402 4616 1551 4705 poterat
1569 4617 1606 4682 et

218 4721 387 4819 volebat,
408 4752 513 4819 eum,
531 4727 595 4829 qui
613 4726 783 4826 injuriam
802 4728 1008 4824 intulisset,
1028 4728 1066 4805 in
1080 4728 1143 4829 jus
1162 4752 1308 4805 vocare.
1343 4729 1429 4824 Qua
1446 4756 1488 4806 re
1506 4732 1606 4807 cives

218 4875 305 4925 suos
333 4852 484 4949 egregie
510 4850 735 4947 adsvefeeit,
756 4867 798 4929 ut
824 4855 961 4956 singuli
990 4881 1075 4931 cum
1095 4851 1272 4953 singulis,
1300 4865 1478 4957 tanquam
1495 4857 1605 4934 mim

217 4977 382 5076 cumeris
401 4990 547 5078 partes,
568 4976 734 5055 dolorem
752 4980 1031 5084 participarent
1050 4982 1308 5079 Interrogatus
1326 4992 1472 5076 autem,
1490 5005 1603 5085 qnae·

218 5123 305 5176 uam
325 5101 412 5177 urbs
431 5101 573 5203 optime
592 5101 839 5196 habitaretur,
870 5106 969 5203 „Em
997 5105 1136 5208 inquit,
1163 5104 1204 5182 in
1231 5131 1307 5207 qua
1333 5133 1397 5184 eos
1423 5108 1489 5209 qui
1506 5109 1602 5213 inju-
