3436 5790
216 353 293 431 316
759 375 821 425 ms
839 373 1048 427 enumcrare.

211 594 331 671 neque
350 570 390 645 in
408 563 616 643 custodiam
634 589 755 666 neque
773 565 813 640 in
842 566 992 643 vincula
1020 564 1184 643 dandum
1212 589 1313 665 esse;
1342 565 1442 667 quod
1461 567 1494 642 si
1513 566 1603 668 quis

211 694 426 787 violaverit,
454 691 598 789 ingenti
618 691 757 766 mulcta
775 687 969 791 plectatur.

844 851 959 928 1242.

317 988 507 1078 Δικασιοὶς
525 987 601 1068 ἀπὸ
622 988 826 1090 συμβόλων
844 989 1068 1095 εἰσάγουσιν
1086 995 1124 1068 οἱ
1144 997 1391 1093 θεσμοθέται.

1102 1124 1257 1216 (Pollux
1276 1124 1382 1218 XIII,
1402 1123 1486 1213 88.)

851 1227 963 1306 1242.

315 1374 612 1475 Reciperationis
625 1372 772 1474 judices
789 1373 971 1451 inducunt
989 1374 1289 1452 Thesmothetae.

849 1535 962 1610 1243.

321 1671 378 1748 Τσὶ
398 1672 573 1774 σύμβολα
592 1671 708 1772 κύρια
727 1670 837 1764 εἶναι,
857 1670 1011 1750 ἐπειδᾶν
1029 1682 1072 1753 ἐν
1088 1675 1143 1778 τῷ
1165 1675 1396 1776 δικαστηρίῳ
1414 1675 1592 1776 κυρωθῇ.

854 1804 1065 1897 (Demosth.
1086 1804 1132 1882 de
1152 1806 1382 1884 Halonneso.
1402 1807 1486 1899 78.)

848 1966 963 2041 1243.

316 2107 550 2210 Reciperatic
570 2121 652 2186 rata
671 2121 771 2206 esto,
801 2108 864 2186 ubi
883 2111 922 2186 in
935 2110 1077 2211 judicio
1097 2111 1316 2186 confirmata
1335 2110 1457 2188 fuerit

850 2290 962 2366 1244.

312 2421 516 2516 Ἀθηναῖοι
538 2421 615 2502 ἀπὸ
635 2424 842 2527 συμβόλων
860 2425 1118 2519 δικαζέτωσαν
1139 2437 1219 2516 τοῖς
1237 2420 1434 2519 ὖπηκὸοις.

843 2557 1015 2650 (Bekker
1034 2556 1176 2636 Anecd.
1195 2583 1250 2656 gr.
1271 2558 1300 2637 Ι.
1319 2585 1356 2660 p.
1377 2556 1483 2650 436.)

846 2720 961 2796 1244.

316 2859 563 2938 Athenienses
601 2860 804 2937 secundum
838 2873 951 2962 pacta
985 2870 1172 2938 conventa
1197 2861 1369 2961 judicent
1396 2862 1479 2936 lites
1508 2861 1590 2937 sub·

210 2985 378 3064 (litorum.

842 3091 955 3170 1245.

304 3226 582 3324 ’Ἑκκλητος
610 3229 738 3323 πόλις,
768 3225 815 3325 ἣν
834 3228 886 3308 ἂν
903 3233 1125 3309 ἐκκαλεῖταί
1148 3261 1202 3318 τις
1229 3234 1283 3320 εἰς
1307 3229 1353 3308 τὸ
1382 3235 1588 3332 κρίνεσθαι

210 3356 384 3450 δηλονότι
403 3355 473 3450 τὴν
491 3357 639 3456 πρώτην
657 3356 704 3435 οὐ
727 3363 892 3462 στέργων
917 3360 1068 3456 κρίσιν,
1096 3347 1146 3442 ὦς
1166 3353 1258 3456 πρὸς
1277 3357 1429 3457 ἔχθραν
1447 3360 1587 3457 κρίνα-

209 3508 283 3558 σαν
310 3478 333 3574 ἢ
360 3479 450 3583 πρὸς
472 3488 611 3583 χάριν·
641 3487 760 3576 ἔξεστι
789 3483 828 3559 δὲ
856 3493 936 3570 τοῖς
958 3485 1033 3581 μὲν
1061 3487 1180 3573 ξένοις
1204 3489 1458 3559 ἐκκαλεῖσθαι
1478 3480 1590 3558 πόλιν

209 3600 352 3698 ἄλλην,
380 3618 459 3694 τοῖς
478 3607 517 3686 δὲ
536 3613 708 3698 πολίταις
728 3607 871 3689 οὐκέτι.
1080 3613 1314 3713 (Etymolog.
1334 3612 1481 3712 Magn.)

850 3776 963 3851 1245.

315 3915 522 3994 Provocata
550 3919 683 3996 civitas
712 3931 769 3995 est
796 3920 845 3996 ad
871 3943 983 4021 quam
1007 3918 1088 4019 quis
1111 3914 1244 4019 judicii
1262 3940 1374 3992 causa
1391 3927 1589 4017 provocat,

209 4041 271 4140 qui
290 4042 431 4141 primae
450 4047 658 4123 sententiae
677 4047 756 4123 sive
776 4073 822 4124 ex
842 4046 927 4121 odio
946 4046 1055 4122 sivee
1071 4044 1235 4145 partium
1254 4043 1376 4119 studio
1395 4043 1492 4120 latae
1511 4069 1590 4118 non

208 4168 417 4266 acquiescit.
454 4170 559 4246 Licet
577 4183 702 4248 autem
720 4173 929 4274 peregrinis
952 4160 1184 4248 solummodo
1203 4166 1252 4245 ad
1269 4170 1381 4245 aliam
1400 4169 1591 4246 civitatem

209 4319 433 4396 provocare,
463 4324 540 4373 non
559 4297 673 4375 etiarn
690 4298 844 4375 civibus.

844 4459 958 4537 1246.

309 4596 475 4705 Ἀγορᾶς
492 4607 560 4679 καί
580 4606 743 4702 λιμένων
761 4602 958 4707 εἴργεσθαι
981 4603 1050 4673 καὶ
1079 4595 1389 4688 ἀπελαύνεσθαι,
1418 4593 1520 4697 παρὰ
1539 4594 1588 4675 τά

209 4723 324 4801 κοινοὶ
347 4724 478 4802 δίκαιά
499 4736 585 4805 ἐστι.
838 4838 941 4913 1246
1017 4728 1227 4818 (Plutarch.
1247 4730 1378 4806 Pericl.
1397 4731 1480 4820 29.)

314 4983 421 5059 Foris
466 4994 503 5058 et
547 4984 729 5086 portubus
775 4983 965 5085 prohiberi
1008 4993 1045 5057 et
1081 4980 1197 5056 arceri
1236 4981 1344 5058 nefas
1383 4991 1463 5058 esto
1501 4981 1589 5081 jure

207 5109 386 5207 gentium.
