3436 5790
658 425 709 474 uu
728 421 942 474 urinarum.
1417 398 1494 475 289

102 603 235 699 τόνδε,
276 605 581 709 δμιταποιὴσῃ,
621 608 747 689 αὐτὸν
775 603 918 709 ἄτιμον
945 607 1047 686 εἶναι
1074 615 1141 685 καὶ
1182 609 1319 697 παῖδας
1346 609 1492 688 καὶτὰ

102 738 268 814 ἐκείνου.
757 737 967 834 (Demosth.
986 765 1016 819 c.
1038 738 1252 818 Aristocrat.
1273 741 1385 835 640.)

741 900 857 979 1145.

208 1042 428 1147 Quicunque
447 1047 686 1143 magistratus
705 1059 770 1122 aut
793 1047 962 1146 privatus
991 1058 1122 1125 auctor
1150 1048 1261 1125 fuerit
1288 1046 1418 1127 harum
1439 1048 1490 1127 le-

101 1192 193 1265 gum
210 1169 581 1270 perfringendarum,
612 1170 672 1246 vel
692 1196 755 1247 eas
773 1171 993 1264 mutaverit,
1019 1171 1227 1272 ignominia
1245 1182 1394 1253 notetur
1412 1184 1492 1252 tum

101 1294 182 1396 ipse
201 1305 281 1373 tum
299 1293 407 1373 liberi
426 1306 506 1373 tum
526 1321 586 1372 ros
604 1296 686 1397 ejus
705 1294 966 1398 publicandae.

738 1456 852 1534 1146.

207 1594 419 1696 Μηδεμίαν
445 1597 525 1676 τῶν
552 1598 680 1696 φόνου
710 1595 958 1699 ἀδικημάτων
986 1604 1229 1699 προθεσμίαν
1247 1598 1371 1691 εἶναι,
1402 1597 1487 1675 ἀλλ’

100 1720 168 1796 εἴτ’
187 1716 312 1812 auidiis
330 1725 405 1802 εἴτε
423 1721 558 1827 χρόνῳ
586 1756 640 1814 τις
668 1736 905 1826 τιμωρεῖται,
935 1727 1080 1804 τοῦτον
1107 1724 1166 1802 δεῖ
1191 1720 1485 1817 ἀποδεικνύναι,

101 1838 150 1937 oie
169 1844 219 1924 οὐ
240 1853 423 1944 πεποίηκε
443 1856 524 1954 περὶ
544 1839 601 1929 ὦν
619 1859 724 1930 ἐστιν
744 1843 764 1947 ἦ
786 1854 904 1929 αἰτία.

843 1981 996 2085 (Lysias
1016 2008 1046 2060 c.
1067 1978 1219 2082 Agora.
1240 1976 1273 2084 ξ.
1294 1979 1379 2076 83.)

740 2141 855 2218 1146.

205 2282 342 2361 Caedis
364 2283 581 2363 criminibus
610 2283 847 2363 vindicandis
873 2286 1019 2363 nullum
1047 2294 1195 2388 tempus
1223 2298 1281 2365 est
1309 2287 1488 2364 constitu-

100 2420 199 2506 tum,
226 2407 291 2488 sed
310 2408 388 2487 sive
408 2409 492 2510 quis
509 2408 703 2511 exemplo,
722 2410 802 2486 sive
822 2409 940 2487 serius
961 2437 1102 2513 poenus
1121 2422 1263 2506 sumat,
1283 2440 1348 2489 reo
1369 2413 1487 2491 cuivis

100 2534 249 2612 omnino
269 2534 339 2612 hoc
358 2545 416 2612 est
444 2533 797 2630 demonstrandum,
826 2560 866 2613 se
897 2535 1025 2636 utique
1055 2563 1100 2615 ea
1128 2562 1205 2615 non
1228 2548 1486 2642 perpetrasse,

101 2685 257 2761 quorum
275 2687 360 2741 reus
379 2660 530 2742 sistitur.

700 2868 814 2961 Μέρος
838 2868 885 2954 ζ’.

542 2997 674 3086 Περὶ
712 2996 1037 3088 κακούργων.

705 3250 817 3317 Pars
847 3260 877 3326 7.

621 3374 683 3442 Dc
715 3374 959 3443 maleficis.

203 3686 243 3753 K
239 3679 432 3786 uaodpyoi
452 3686 550 3760 aloru
570 3681 759 3784 ἱερόσυλοι
779 3687 849 3762 καὶ
868 3680 1174 3791 ἀνδραποδισταὶ
1193 3691 1263 3763 καὶ
1292 3684 1482 3788 τοιχωρύ-

94 3833 159 3900 χοι
179 3808 249 3880 καὶ
268 3798 519 3912 ἀποστερηταὶ
537 3813 608 3885 καὶ
626 3814 797 3892 κλέπται.

797 3936 936 4035 (Plato.
956 3939 1123 4043 Respub.
1143 3967 1179 4041 p.
1201 3941 1292 4019 344.
1311 3940 1375 4035 Β.)

734 4099 848 4177 1147.

201 4239 361 4317 Malefici
381 4251 468 4319 sunt
495 4241 685 4342 sacrilegi,
714 4242 906 4345 plagiarii,
934 4245 1119 4346 parietum
1138 4246 1392 4348 perfossores,
1421 4272 1477 4326 ra·

95 4376 222 4465 ptores
241 4376 279 4442 et
296 4365 405 4443 fures.

733 4474 847 4554 1148.

195 4609 292 4690 Ἐάν
309 4643 365 4702 τις
383 4612 430 4689 τά
449 4614 530 4714 ἱεροὶ
558 4620 722 4714 κλέπτῃ,
750 4623 939 4717 κριθέντα
966 4625 1010 4696 ἐν
1038 4618 1293 4723 δικαστηρίῳ,
1320 4616 1373 4710 δν
1400 4652 1477 4700 κα-

95 4739 324 4843 ταγνωσθῇ,
349 4736 403 4839 μὴ
422 4741 592 4837 ταφῆναι
609 4749 653 4825 ἐν
670 4742 716 4840 τῇ
740 4737 923 4842 Ἀττικῇ·
943 4742 991 4820 τὰ
1012 4743 1049 4823 δὲ
1064 4744 1244 4845 χρήματα
1263 4743 1388 4826 αὐτοῦ
1408 4746 1474 4842 δη-

90 4860 206 4961 μόσια
224 4860 334 4944 εἶναι.
733 4873 978 4978 (Xenophon.
1000 4874 1082 4953 hist.
1101 4902 1157 4975 gr.
1177 4879 1206 4972 I,
1226 4877 1263 4972 ⁷,
1283 4876 1366 4971 22.)

732 5032 843 5111 1148.

199 5153 337 5260 Siquis
356 5157 904 5259 rasaacrasfurtosubtruxerit,
923 5186 1116 5266 cauaapro
1123 5164 1300 5245 tribunali
1318 5168 1472 5268 cognita

1217 5285 1258 5357 te
