3436 5790
538 415 845 468 connsurnnrus
864 415 918 466 nn
940 413 983 468 ar.
1004 414 1048 470 as.
1068 416 1112 470 ra.
1132 413 1178 470 ⁴5.
1472 387 1551 468 ⁴23

763 673 839 757 aa
867 678 949 761 ³⁷.

271 843 381 921 Anno
402 845 490 920 404.
510 871 541 922 a.
563 845 631 922 Oh.
651 846 814 922 instante
833 844 881 923 ad
902 843 1108 942 Arginusas
1132 842 1272 919 insulas
1292 870 1431 943 pugna.

761 1071 836 1155 Ad
865 1075 946 1158 38.

268 1241 462 1341 Lycurgus
481 1240 601 1316 arcuit
620 1239 756 1342 Sparta
773 1241 1011 1341 peregrinos,
1040 1266 1087 1315 ne
1116 1238 1156 1316 in'
1183 1239 1315 1315 mbem
1332 1239 1386 1347 illi
1406 1266 1445 1314 sc
1464 1239 1548 1314 insi·

160 1378 320 1442 nuantes
339 1366 479 1441 malum
497 1364 636 1466 aliquid
655 1366 756 1443 cives
775 1365 963 1443 docerent.
995 1363 1267 1461 (Plutarch.
1298 1363 1547 1443 Instituta

160 1492 336 1568 Laoon.
367 1491 451 1586 20.)

763 1609 840 1693 Ad
865 1613 949 1695 42.

268 1777 392 1855 Schol.
420 1780 458 1854 in
487 1775 659 1856 Aeschin.
698 1776 885 1855 Timarch.
916 1777 1022 1853 138:
1060 1779 1308 1874 ξηραλοιφεῖν
1335 1775 1469 1880 ἔλεγον
1495 1771 1543 1888 ’τὸ

158 1907 275 2000 χωρὶς
293 1900 466 2002 λουτρῶν
485 1896 727 1996 ἀλείφεσθαι.
1481 1889 1487 1901 ’

267 2027 524 2127 Eupatorem
550 2031 665 2130 igitur
693 2039 769 2107 est:
798 2030 896 2107 sicce
925 2054 1066 2129 ungere
1096 2030 1236 2130 absque
1264 2008 1417 2106 lotione.
1456 2029 1543 2103 Fuit

160 2155 616 2261 proprium-athletarum,
647 2155 729 2255 qui,
758 2166 961 2258 antequam
982 2157 1227 2248 luctarentur,
1256 2155 1346 2257 ungi
1365 2152 1549 2233 solebant.

764 2382 841 2466 Ar
867 2384 951 2468 45.

267 2550 502 2656 Olympiadis
522 2548 636 2628 ss-ae
655 2548 817 2627 secundo
839 2550 899 2626 vel
919 2548 1028 2627 tertio
1048 2574 1158 2626 anno.
1179 2549 1416 2629 rosvelsos
1432 2579 1465 2629 a.
1478 2552 1545 2629 Oh.

266 2695 390 2774 Etiam
426 2695 561 2772 Rhodii
598 2693 837 2797 plebiscitum
870 2694 1059 2791 fecerunt,
1100 2705 1143 2770 ut
1178 2695 1296 2789 servi,
1335 2697 1397 2797 qui
1426 2699 1546 2775 bonos

160 2849 200 2901 se
228 2823 328 2899 viros
356 2823 396 2896 in
422 2820 598 2923 periculis
622 2817 894 2916 exhibuissent,
924 2821 1048 2898 soluto
1068 2820 1229 2898 dominis
1248 2823 1387 2922 pretio,
1417 2848 1546 2900 manu·

160 2949 410 3042 mitterentur,
435 2948 546 3049 inque
566 2947 703 3023 civium
723 2973 879 3025 numero
898 2959 1033 3025 essent
1063 2945 1278 3041 (Diodor.
1299 2949 1384 3044 XX,
1405 2949 1468 3044 st,
1490 2948 1547 3040 3.)

267 3090 401 3186 Samii,
430 3101 525 3168 teste
553 3089 753 3170 Aristotele
782 3091 905 3192 (apud
933 3089 1088 3167 Suidam
1107 3119 1136 3168 s.
1155 3119 1190 3165 v.
1209 3091 1376 3186 Σαμίων
1395 3084 1546 3186 δῆμος),

160 3245 183 3295 a
199 3218 367 3319 tyrannis
387 3217 434 3294 ad
452 3217 584 3294 incitas
604 3214 764 3307 redacti,
794 3214 843 3292 ob
873 3215 1010 3292 civium
1029 3216 1225 3317 penuriam
1243 3217 1362 3295 servis
1373 3217 1437 3318 jus
1457 3217 1547 3292 civi·

160 3345 246 3423 tatis
266 3345 428 3445 quinque
448 3342 646 3420 stateribus
665 3353 940 3420 concesserunt.

267 3484 626 3563 ALaoedaemoniis
655 3486 802 3587 saepius
831 3483 977 3561 liberati
1004 3495 1091 3561 sunt
1119 3485 1240 3578 servi,
1269 3510 1428 3586 quorum
1454 3486 1546 3564 alios

161 3613 488 3691 manumissos
517 3604 699 3704 (ἀφέτας)
729 3613 989 3704 nominarunt,
1019 3611 1111 3688 alios
1131 3636 1219 3686 vero
1247 3636 1341 3686 non
1368 3610 1543 3688 haben-

160 3751 234 3817 tes
262 3738 507 3816 dominum
536 3728 831 3829 (ἀδεσπότους),
865 3734 959 3811 alios
987 3735 1327 3836 emancipatos
1357 3733 1540 3832 (ἐρυκτῆ-

161 3868 266 3964 ρας),
296 3865 388 3940 alios
416 3863 529 3938 navi
557 3862 708 3938 herili
741 3862 1002 3963 subjectos
1033 3855 1420 3957 (δεσποσιοναύτας),
1450 3890 1542 3965 quos

159 3993 199 4069 in
226 3991 380 4067 navium
407 3988 544 4065 classes
572 3987 858 4079 distribuerunt,
888 3989 981 4066 alios
1008 4013 1185 4064 recens
1220 3989 1437 4065 civitate
1470 3990 1544 4066 do·-

160 4127 304 4194 natos
332 4107 636 4210 (νεοδαμώδεις).
676 4110 981 4207 (Athenaeus
1009 4113 1075 4208 VI,
1096 4113 1205 4206 272.)

267 4257 379 4362 Apud
397 4259 597 4336 Cretenses
616 4260 654 4333 in
672 4261 832 4356 gratiam
850 4284 1042 4335 servorum
1059 4258 1099 4333 in
1119 4256 1258 4359 oppido
1270 4257 1442 4359 Cydonia
1459 4260 1543 4336 festi

161 4386 311 4489 quidam
331 4385 410 4462 dies
428 4384 587 4461 instituti
609 4385 779 4480 fuerant,
809 4385 944 4485 quibus
973 4382 1153 4485 oppidum
1180 4406 1257 4458 non
1280 4382 1542 4482 ingredieban-

159 4523 221 4589 tur
238 4511 345 4588 liberi
364 4510 551 4602 homines,
581 4507 648 4585 sed
676 4511 801 4586 omnia
827 4510 866 4586 in
889 4519 1074 4610 potestate
1103 4519 1209 4584 erant
1237 4533 1450 4606 servorum,
1481 4513 1543 4613 qui

161 4639 272 4716 etiam
302 4639 365 4738 jus
393 4634 583 4713 hebebant
609 4636 747 4713 liberos
774 4636 943 4713 homines
979 4633 1106 4736 flagris
1142 4632 1334 4715 caedendi.
1372 4635 1542 4730 (Athe-

161 4790 323 4842 naeus.
342 4764 407 4859 VI,
430 4762 518 4859 263,
538 4762 584 4852 f.)

267 4907 466 4986 Cretenses
494 4916 617 4982 cetera
645 4908 762 4983 servis
790 4907 1037 4984 concedentes
1063 4932 1107 4983 ao
1124 4908 1403 5008 permittentes,
1433 4904 1539 4981 dum-

160 5047 265 5114 taxat
283 5036 327 5111 iis
347 5034 653 5111 exercitationum
671 5058 740 5108 usu
754 5044 794 5110 et
802 5058 986 5111 armorum
1003 5033 1239 5135 possessione
1259 5033 1540 5111 interdixerunt.

163 5162 389 5260 (aristot.
413 5159 555 5239 eoru.
576 5161 624 5258 11,
644 5159 679 5257 a,
703 5158 787 5260 ra.)
