3436 5790
518 377 635 431 ruere
655 374 935 431 munucurorr
954 377 1088 431 uerter.
1417 350 1491 427 111

758 568 783 643 4
810 567 846 644 4.

214 695 315 794 Περὶ
333 689 404 785 τὴν
427 689 569 768 εἰκάδα
596 689 668 768 τού
691 571 986 791 Βοηδρομιῶνος
1013 687 1086 766 τῶν
1107 686 1302 790 μυστικῶν
1322 683 1495 788 Ἴακχον

106 822 299 924 ἐξάγουσι.
754 931 833 1006 454
908 819 1116 913 (Plutarch.
1137 819 1282 898 Gamill.
1303 821 1386 913 19.)

216 1039 408 1139 Vigeeimc
427 1037 706 1117 Boedromionis
727 1037 786 1115 die
805 1063 911 1115 secra
936 1025 1079 1140 pompa
1098 1037 1138 1113 in
1157 1037 1339 1114 honorem
1356 1037 1493 1114 Bacchi

107 1163 264 1243 ducitur.

756 1273 846 1346 455.

219 1397 264 1472 Οῖ
279 1401 491 1495 μυηθέντες
510 1401 554 1472 ἐν
572 1390 786 1485 Ἐλευσῖνι,
815 1401 857 1472 ἐν
876 1393 921 1492 τῇ
942 1392 1095 1494 δευτέρᾳ
1111 1390 1248 1492 μυήσει
1269 1390 1493 1470 ἐποπτεύειν

106 1525 296 1625 λέγονται.
735 1524 1024 1625 (Harpocratioe
1052 1517 1385 1614 inconnexum.)

216 1794 289 1889 Qui
317 1794 493 1872 Eleusine
521 1794 656 1870 initiati
684 1685 783 1871 surii1
781 1689 808 1888 ,5
812 1692 859 1869 in
887 1792 1053 1871 secunde
1078 1792 1286 1871 initiatione
1310 1793 1494 1896 inspicere

108 1921 329 2023 (mysteria)
351 1919 534 1996 dicuntur.
759 2027 836 2103 456

217 2147 276 2228 ού
298 2147 558 2248 θεμιτόνιῖστῖ
586 2146 658 2241 τὴν
681 2148 837 2240 τελετὴν
860 2145 1017 2226 ἅπασαν
1036 2147 1112 2227 ἀπὸ
1132 2150 1212 2226 τῶν
1226 2152 1382 2250 μικρῶν
1400 2143 1493 2250 ύίχρι

107 2275 186 2352 τῶν
203 2276 425 2353 ἐποπτικῶν
444 2279 701 2376 παραλαβεῖν·
730 2273 829 2350 ἀλλὰ
858 2273 905 2349 τύ
922 2273 1045 2373 μικροὶ
1066 2275 1137 2351 τοῦ
1162 2273 1493 2374 Ἀνθεστηριῶνος

106 2408 287 2492 τελεῖται,
316 2397 363 2475 τοὶ
395 2399 433 2481 δὲ
457 2401 609 2506 μεγάλα
631 2398 701 2480 τοῦ
721 2399 1036 2513 Βοηδρομιῶνος·
1065 2399 1318 2476 ἐποπτεύουσι
1339 2399 1379 2476 δὲ
1398 2398 1492 2476 τού-

106 2527 292 2624 λάχιστον
311 2524 388 2603 ἀπὸ
409 2526 488 2602 τῶν
501 2525 676 2629 μεγάλων
700 2522 883 2603 ἐνιαυτὸν
902 2522 1149 2614 διαλιπόντες.

757 2747 835 2820 456
893 2637 1099 2730 (Plutarch.
1121 2636 1282 2712 Demetr.
1303 2637 1385 2731 26.)

216 2854 334 2932 Nefas
353 2864 410 2930 est
428 2878 451 2928 a
468 2853 630 2931 minimis
657 2853 843 2955 mysteriis
870 2879 985 2956 usque
1004 2847 1053 2930 ed
1071 2852 1253 2948 maxima,
1283 2881 1378 2954 quae
1407 2879 1492 2955 epo·

107 2982 209 3082 ptice
227 2979 421 3074 dicuntur,
451 2979 565 3057 totius
594 2979 765 3056 sacrificii
791 2979 884 3056 ritus
904 3003 1143 3078 cognoscere.
1183 2977 1258 3055 Sed
1276 3005 1395 3080 parva
1413 3007 1492 3083 my-

107 3109 220 3184 steria
238 3132 365 3183 mense
383 3103 674 3181 Antheeterione
703 3117 957 3206 peraguntur,
987 3129 1126 3202 magna
1143 3128 1233 3179 vero
1252 3104 1492 3183 Boedrcmio·

106 3258 166 3308 ne.
205 3231 266 3308 Ab
284 3231 342 3308 his
360 3229 408 3306 ed
428 3228 602 3331 epoptica
619 3231 685 3308 ille
701 3230 750 3306 ad
768 3230 963 3306 minimum
983 3255 1105 3305 annus
1124 3230 1332 3328 requiritur.

755 3398 844 3473 457.

216 3515 381 3622 Νύκτωρ
399 3524 560 3595 τελεῖται
578 3517 625 3594 τοὶ
643 3509 844 3621 μυστήρια.

679 3645 823 3744 (Sehcl.
841 3648 881 3723 in
900 3642 1141 3747 Aristophan.
1160 3646 1254 3722 Ren.
1274 3646 1386 3741 343.)

760 3809 850 3884 457.

215 3919 337 3996 Noctu
356 3914 592 3997 celebrantur
610 3916 797 4019 mysteria.

759 4059 848 4134 458.

219 4184 265 4259 Oi
283 4195 362 4273 τοῖς
376 4197 581 4284 μυστικοῖς
600 4183 824 4276 δικάζοντες
844 4185 943 4260 εἰσιν
961 4188 1008 4260 ἐκ
1026 4181 1105 4258 τῶν
1124 4183 1434 4263 ἐπωπτευκότων.

729 4381 835 4496 4458
981 4313 1134 4407 (eoum
1152 4311 1257 4412 uu,
1283 4314 1386 4410 123.)

217 4525 290 4620 Qui
308 4528 349 4606 in
366 4530 480 4608 rebus
498 4529 664 4631 mysticis
676 4529 741 4630 jus
761 4529 908 4624 dieunt,
939 4555 985 4605 ex
1003 4526 1048 4604 iis
1067 4543 1173 4623 sunt,
1198 4531 1260 4631 qui
1273 4532 1354 4633 jam
1371 4531 1494 4634 inspe-

108 4668 244 4730 xerunt
263 4681 401 4734 arcana
419 4683 533 4734 sacra.
581 4692 585 4703 ·

410 4786 413 4791 ·
758 4764 846 4839 459.

181 4879 369 4992 ·”Αγεται
388 4883 427 4962 δὲ
449 4882 642 4964 Ἐλευσῖνι
661 4892 729 4962 καῖ
749 4882 857 4990 ἀμῶν
877 4883 999 4985 Κόρης
1024 4892 1093 4961 καῖ
1113 4885 1326 4985 Δήμητρος,
1358 4877 1400 4971 ὃς
1418 4912 1494 4958 κα-

109 5017 228 5089 λεῖται
252 5011 492 5091 Ἐλευσίνια·
516 5002 572 5089 ὀύ
592 5015 769 5089 ἔπαθλον
787 5016 939 5108 κριθαί.

795 5123 940 5217 (Schcl.
959 5122 1109 5200 Pinder.
1130 5123 1280 5225 Olymp.
1300 5123 1389 5214 IX.)
