<?xml version="1.0" encoding="UTF-8"?>
<!DOCTYPE html PUBLIC "-//W3C//DTD XHTML 1.0 Transitional//EN"
    "http://www.w3.org/TR/xhtml1/DTD/xhtml1-transitional.dtd">
<html xmlns="http://www.w3.org/1999/xhtml" xml:lang="en" lang="en">
 <head>
  <title>
</title>
<meta http-equiv="Content-Type" content="text/html;charset=utf-8" />
  <meta name='ocr-system' content='tesseract 3.04.00' />
  <meta name='ocr-capabilities' content='ocr_page ocr_carea ocr_par ocr_line ocrx_word'/>
</head>
<body>
  <div class='ocr_page' id='page_1' title='image "./synaggtnattiknn00tlgoog_0665.png"; bbox 0 0 3436 5790; ppageno 0'>
   <div class='ocr_carea' id='block_1_1' title="bbox 515 363 1537 448">
    <p class='ocr_par' dir='ltr' id='par_1_1' title="bbox 515 363 1537 448">
     <span class='ocr_line' id='line_1_1' title="bbox 515 363 1537 448; baseline -0.011 -1"><span class='ocrx_word' id='word_1_1' title='bbox 515 394 822 448; x_wconf 78' lang='lat' dir='ltr'>couuaurnums</span> <span class='ocrx_word' id='word_1_2' title='bbox 840 394 893 445; x_wconf 76' lang='lat' dir='ltr'>sn</span> <span class='ocrx_word' id='word_1_3' title='bbox 914 388 1092 445; x_wconf 80' lang='lat' dir='ltr'>15so.15sa</span> <span class='ocrx_word' id='word_1_4' title='bbox 1113 387 1193 444; x_wconf 83' lang='lat'><strong>1555.</strong></span> <span class='ocrx_word' id='word_1_5' title='bbox 1464 363 1537 437; x_wconf 78' lang='lat'>541</span> 
     </span>
    </p>
   </div>
   <div class='ocr_carea' id='block_1_2' title="bbox 159 578 1627 2944">
    <p class='ocr_par' dir='ltr' id='par_1_2' title="bbox 159 578 1545 1535">
     <span class='ocr_line' id='line_1_2' title="bbox 160 578 1543 685; baseline 0 -30"><span class='ocrx_word' id='word_1_6' title='bbox 160 581 331 659; x_wconf 89' lang='lat' dir='ltr'>navalem</span> <span class='ocrx_word' id='word_1_7' title='bbox 360 585 588 663; x_wconf 88' lang='lat' dir='ltr'>Rhodiorum</span> <span class='ocrx_word' id='word_1_8' title='bbox 616 579 826 680; x_wconf 80' lang='grc' dir='ltr'><em>εὐνομίαν,</em></span> <span class='ocrx_word' id='word_1_9' title='bbox 865 610 976 685; x_wconf 92' lang='lat' dir='ltr'>quam</span> <span class='ocrx_word' id='word_1_10' title='bbox 1012 596 1049 658; x_wconf 86' lang='lat' dir='ltr'>ct</span> <span class='ocrx_word' id='word_1_11' title='bbox 1076 583 1256 684; x_wconf 82' lang='lat' dir='ltr'>imprimis</span> <span class='ocrx_word' id='word_1_12' title='bbox 1285 578 1543 656; x_wconf 80' lang='lat' dir='ltr'>admirabilem</span> 
     </span>
     <span class='ocr_line' id='line_1_3' title="bbox 160 704 1544 814; baseline 0 -35"><span class='ocrx_word' id='word_1_13' title='bbox 160 704 273 782; x_wconf 88' lang='lat' dir='ltr'>fuisse</span> <span class='ocrx_word' id='word_1_14' title='bbox 290 710 360 802; x_wconf 87' lang='lat' dir='ltr'>ait,</span> <span class='ocrx_word' id='word_1_15' title='bbox 391 723 427 785; x_wconf 88' lang='lat' dir='ltr'>et</span> <span class='ocrx_word' id='word_1_16' title='bbox 446 713 612 788; x_wconf 85' lang='lat' dir='ltr'>effecisse</span> <span class='ocrx_word' id='word_1_17' title='bbox 635 724 676 788; x_wconf 91' lang='lat' dir='ltr'>ut</span> <span class='ocrx_word' id='word_1_18' title='bbox 694 712 829 788; x_wconf 86' lang='lat' dir='ltr'>Rhodii</span> <span class='ocrx_word' id='word_1_19' title='bbox 856 712 1012 814; x_wconf 90' lang='lat' dir='ltr'>imperio</span> <span class='ocrx_word' id='word_1_20' title='bbox 1041 711 1152 786; x_wconf 88' lang='lat' dir='ltr'>maris</span> <span class='ocrx_word' id='word_1_21' title='bbox 1181 706 1408 808; x_wconf 80' lang='lat' dir='ltr'>potirentur,</span> <span class='ocrx_word' id='word_1_22' title='bbox 1437 704 1544 779; x_wconf 90' lang='lat' dir='ltr'>liberi</span> 
     </span>
     <span class='ocr_line' id='line_1_4' title="bbox 160 831 1542 936; baseline -0.001 -32"><span class='ocrx_word' id='word_1_23' title='bbox 160 831 290 931; x_wconf 91' lang='lat' dir='ltr'>suique</span> <span class='ocrx_word' id='word_1_24' title='bbox 312 835 409 932; x_wconf 89' lang='lat' dir='ltr'>juris</span> <span class='ocrx_word' id='word_1_25' title='bbox 438 850 631 913; x_wconf 87' lang='lat' dir='ltr'>manerent</span> <span class='ocrx_word' id='word_1_26' title='bbox 658 850 695 914; x_wconf 88' lang='lat' dir='ltr'>et</span> <span class='ocrx_word' id='word_1_27' title='bbox 719 864 741 912; x_wconf 88' lang='lat' dir='ltr'>a</span> <span class='ocrx_word' id='word_1_28' title='bbox 761 839 937 912; x_wconf 81' lang='lat' dir='ltr'>Romanis</span> <span class='ocrx_word' id='word_1_29' title='bbox 957 838 1111 936; x_wconf 86' lang='lat' dir='ltr'>aliisque</span> <span class='ocrx_word' id='word_1_30' title='bbox 1131 831 1304 930; x_wconf 78' lang='lat' dir='ltr'>gentibus</span> <span class='ocrx_word' id='word_1_31' title='bbox 1323 831 1542 907; x_wconf 82' lang='lat' dir='ltr'>colerentur.</span> 
     </span>
     <span class='ocr_line' id='line_1_5' title="bbox 160 954 1542 1062; baseline -0.001 -32"><span class='ocrx_word' id='word_1_32' title='bbox 160 954 318 1057; x_wconf 81' lang='lat' dir='ltr'>Scripsit</span> <span class='ocrx_word' id='word_1_33' title='bbox 336 960 404 1034; x_wconf 90' lang='lat' dir='ltr'>hoc</span> <span class='ocrx_word' id='word_1_34' title='bbox 423 959 559 1037; x_wconf 87' lang='lat' dir='ltr'>Strabo</span> <span class='ocrx_word' id='word_1_35' title='bbox 580 974 744 1062; x_wconf 87' lang='lat' dir='ltr'>tempore</span> <span class='ocrx_word' id='word_1_36' title='bbox 764 961 934 1057; x_wconf 77' lang='lat' dir='ltr'>Augusti.</span> <span class='ocrx_word' id='word_1_37' title='bbox 955 958 1165 1059; x_wconf 83' lang='lat' dir='ltr'>Augustum</span> <span class='ocrx_word' id='word_1_38' title='bbox 1185 967 1311 1034; x_wconf 90' lang='lat' dir='ltr'>autem</span> <span class='ocrx_word' id='word_1_39' title='bbox 1330 956 1542 1031; x_wconf 85' lang='lat' dir='ltr'>confirmas-</span> 
     </span>
     <span class='ocr_line' id='line_1_6' title="bbox 160 1079 1544 1181; baseline -0.003 -25"><span class='ocrx_word' id='word_1_40' title='bbox 160 1108 199 1157; x_wconf 90' lang='lat' dir='ltr'>sc</span> <span class='ocrx_word' id='word_1_41' title='bbox 219 1084 341 1181; x_wconf 79' lang='lat' dir='ltr'>legem</span> <span class='ocrx_word' id='word_1_42' title='bbox 361 1085 561 1180; x_wconf 81' lang='lat' dir='ltr'>Rhodiam,</span> <span class='ocrx_word' id='word_1_43' title='bbox 582 1089 682 1162; x_wconf 85' lang='lat' dir='ltr'>testis</span> <span class='ocrx_word' id='word_1_44' title='bbox 704 1103 759 1163; x_wconf 82' lang='lat' dir='ltr'>est</span> <span class='ocrx_word' id='word_1_45' title='bbox 778 1087 954 1163; x_wconf 87' lang='lat' dir='ltr'>Volusius</span> <span class='ocrx_word' id='word_1_46' title='bbox 972 1085 1196 1162; x_wconf 84' lang='lat' dir='ltr'>Maecianus.</span> <span class='ocrx_word' id='word_1_47' title='bbox 1217 1080 1371 1157; x_wconf 89' lang='lat' dir='ltr'>Rhodiis</span> <span class='ocrx_word' id='word_1_48' title='bbox 1394 1079 1544 1154; x_wconf 88' lang='lat' dir='ltr'>liberta·</span> 
     </span>
     <span class='ocr_line' id='line_1_7' title="bbox 159 1203 1544 1312; baseline -0.003 -31"><span class='ocrx_word' id='word_1_49' title='bbox 159 1218 236 1283; x_wconf 91' lang='lat' dir='ltr'>tem</span> <span class='ocrx_word' id='word_1_50' title='bbox 254 1208 387 1285; x_wconf 90' lang='lat' dir='ltr'>dicitur</span> <span class='ocrx_word' id='word_1_51' title='bbox 405 1211 609 1288; x_wconf 86' lang='lat' dir='ltr'>reddidisse</span> <span class='ocrx_word' id='word_1_52' title='bbox 628 1211 805 1287; x_wconf 83' lang='lat' dir='ltr'>Claudius</span> <span class='ocrx_word' id='word_1_53' title='bbox 824 1212 1046 1312; x_wconf 90' lang='lat' dir='ltr'>imperator,</span> <span class='ocrx_word' id='word_1_54' title='bbox 1076 1210 1259 1286; x_wconf 82' lang='lat' dir='ltr'>ademisse</span> <span class='ocrx_word' id='word_1_55' title='bbox 1289 1232 1377 1282; x_wconf 92' lang='lat' dir='ltr'>vero</span> <span class='ocrx_word' id='word_1_56' title='bbox 1404 1203 1544 1304; x_wconf 88' lang='lat' dir='ltr'>Vespa·</span> 
     </span>
     <span class='ocr_line' id='line_1_8' title="bbox 160 1329 1545 1436; baseline -0.003 -28"><span class='ocrx_word' id='word_1_57' title='bbox 160 1335 296 1410; x_wconf 88' lang='lat' dir='ltr'>sianus.</span> <span class='ocrx_word' id='word_1_58' title='bbox 335 1335 409 1412; x_wconf 85' lang='lat' dir='ltr'>Sed</span> <span class='ocrx_word' id='word_1_59' title='bbox 439 1337 533 1436; x_wconf 83' lang='lat' dir='ltr'>legis</span> <span class='ocrx_word' id='word_1_60' title='bbox 560 1336 726 1414; x_wconf 88' lang='lat' dir='ltr'>Rhodiae</span> <span class='ocrx_word' id='word_1_61' title='bbox 754 1364 841 1412; x_wconf 87' lang='lat' dir='ltr'>usus</span> <span class='ocrx_word' id='word_1_62' title='bbox 870 1348 907 1413; x_wconf 87' lang='lat' dir='ltr'>ct</span> <span class='ocrx_word' id='word_1_63' title='bbox 933 1337 1114 1413; x_wconf 84' lang='lat' dir='ltr'>autoritas</span> <span class='ocrx_word' id='word_1_64' title='bbox 1141 1333 1380 1410; x_wconf 86' lang='lat' dir='ltr'>nihilominus</span> <span class='ocrx_word' id='word_1_65' title='bbox 1404 1329 1545 1406; x_wconf 88' lang='lat' dir='ltr'>Romae</span> 
     </span>
     <span class='ocr_line' id='line_1_9' title="bbox 160 1460 331 1535; baseline 0.018 -3"><span class='ocrx_word' id='word_1_66' title='bbox 160 1460 331 1535; x_wconf 85' lang='lat' dir='ltr'>mausit.“</span> 
     </span>
    </p>

    <p class='ocr_par' dir='ltr' id='par_1_3' title="bbox 160 1584 1627 2685">
     <span class='ocr_line' id='line_1_10' title="bbox 270 1584 1544 1689; baseline -0.002 -29"><span class='ocrx_word' id='word_1_67' title='bbox 270 1586 542 1689; x_wconf 75' lang='lat' dir='ltr'>„Praecipuum</span> <span class='ocrx_word' id='word_1_68' title='bbox 560 1589 652 1687; x_wconf 85' lang='lat' dir='ltr'>legis</span> <span class='ocrx_word' id='word_1_69' title='bbox 662 1589 829 1665; x_wconf 89' lang='lat' dir='ltr'>Rhodiae</span> <span class='ocrx_word' id='word_1_70' title='bbox 840 1589 1009 1665; x_wconf 88' lang='lat' dir='ltr'>nauticae</span> <span class='ocrx_word' id='word_1_71' title='bbox 1029 1597 1142 1688; x_wconf 90' lang='lat' dir='ltr'>caput</span> <span class='ocrx_word' id='word_1_72' title='bbox 1162 1585 1233 1662; x_wconf 87' lang='lat' dir='ltr'>fuit</span> <span class='ocrx_word' id='word_1_73' title='bbox 1251 1584 1297 1659; x_wconf 88' lang='lat' dir='ltr'>dc</span> <span class='ocrx_word' id='word_1_74' title='bbox 1314 1584 1430 1682; x_wconf 88' lang='lat' dir='ltr'>jactu.</span> <span class='ocrx_word' id='word_1_75' title='bbox 1450 1584 1544 1659; x_wconf 84' lang='lat' dir='ltr'>Fue·</span> 
     </span>
     <span class='ocr_line' id='line_1_11' title="bbox 161 1708 1546 1816; baseline 0.001 -33"><span class='ocrx_word' id='word_1_76' title='bbox 161 1720 247 1786; x_wconf 88' lang='lat' dir='ltr'>runt</span> <span class='ocrx_word' id='word_1_77' title='bbox 266 1721 391 1788; x_wconf 88' lang='lat' dir='ltr'>tamen</span> <span class='ocrx_word' id='word_1_78' title='bbox 411 1725 448 1787; x_wconf 92' lang='lat' dir='ltr'>et</span> <span class='ocrx_word' id='word_1_79' title='bbox 472 1714 544 1789; x_wconf 88' lang='lat' dir='ltr'>alia</span> <span class='ocrx_word' id='word_1_80' title='bbox 571 1715 712 1816; x_wconf 87' lang='lat' dir='ltr'>capita,</span> <span class='ocrx_word' id='word_1_81' title='bbox 742 1713 854 1788; x_wconf 91' lang='lat' dir='ltr'>veluti</span> <span class='ocrx_word' id='word_1_82' title='bbox 883 1713 928 1789; x_wconf 90' lang='lat' dir='ltr'>de</span> <span class='ocrx_word' id='word_1_83' title='bbox 958 1711 1164 1808; x_wconf 85' lang='lat' dir='ltr'>naufragiis</span> <span class='ocrx_word' id='word_1_84' title='bbox 1193 1722 1230 1784; x_wconf 89' lang='lat' dir='ltr'>et</span> <span class='ocrx_word' id='word_1_85' title='bbox 1258 1709 1408 1809; x_wconf 89' lang='lat' dir='ltr'>piratis,</span> <span class='ocrx_word' id='word_1_86' title='bbox 1438 1708 1546 1784; x_wconf 88' lang='lat' dir='ltr'>sicuti</span> 
     </span>
     <span class='ocr_line' id='line_1_12' title="bbox 160 1834 1545 1934; baseline -0.003 -22"><span class='ocrx_word' id='word_1_87' title='bbox 160 1834 374 1914; x_wconf 86' lang='lat' dir='ltr'>Maecianus</span> <span class='ocrx_word' id='word_1_88' title='bbox 393 1838 542 1915; x_wconf 90' lang='lat' dir='ltr'>indicat.</span> <span class='ocrx_word' id='word_1_89' title='bbox 582 1839 656 1915; x_wconf 88' lang='lat' dir='ltr'>Sed</span> <span class='ocrx_word' id='word_1_90' title='bbox 677 1852 714 1914; x_wconf 90' lang='lat' dir='ltr'>et</span> <span class='ocrx_word' id='word_1_91' title='bbox 733 1839 863 1917; x_wconf 81' lang='lat' dir='ltr'>Cicero</span> <span class='ocrx_word' id='word_1_92' title='bbox 883 1839 961 1934; x_wconf 87' lang='lat' dir='ltr'>(dc</span> <span class='ocrx_word' id='word_1_93' title='bbox 984 1840 1167 1913; x_wconf 83' lang='lat' dir='ltr'>invent.</span> <span class='ocrx_word' id='word_1_94' title='bbox 1189 1836 1330 1928; x_wconf 85' lang='lat'>11,32)</span> <span class='ocrx_word' id='word_1_95' title='bbox 1356 1836 1434 1912; x_wconf 83' lang='lat' dir='ltr'>lex</span> <span class='ocrx_word' id='word_1_96' title='bbox 1462 1845 1545 1929; x_wconf 87' lang='lat' dir='ltr'>est,</span> 
     </span>
     <span class='ocr_line' id='line_1_13' title="bbox 161 1962 1547 2064; baseline -0.002 -27"><span class='ocrx_word' id='word_1_97' title='bbox 161 1963 300 2062; x_wconf 91' lang='lat' dir='ltr'>inquit,</span> <span class='ocrx_word' id='word_1_98' title='bbox 330 1965 457 2064; x_wconf 91' lang='lat' dir='ltr'>apud</span> <span class='ocrx_word' id='word_1_99' title='bbox 485 1966 724 2057; x_wconf 91' lang='lat' dir='ltr'>Rhodios,</span> <span class='ocrx_word' id='word_1_100' title='bbox 762 1976 812 2038; x_wconf 90' lang='lat' dir='ltr'>ut</span> <span class='ocrx_word' id='word_1_101' title='bbox 848 1965 887 2039; x_wconf 88' lang='lat' dir='ltr'>si</span> <span class='ocrx_word' id='word_1_102' title='bbox 925 1990 1017 2064; x_wconf 85' lang='lat' dir='ltr'>qua</span> <span class='ocrx_word' id='word_1_103' title='bbox 1053 1973 1275 2038; x_wconf 87' lang='lat' dir='ltr'>rostrata</span> <span class='ocrx_word' id='word_1_104' title='bbox 1312 1962 1360 2036; x_wconf 95' lang='lat' dir='ltr'>in</span> <span class='ocrx_word' id='word_1_105' title='bbox 1396 1973 1547 2061; x_wconf 90' lang='lat' dir='ltr'>portu</span> 
     </span>
     <span class='ocr_line' id='line_1_14' title="bbox 162 2087 1627 2192; baseline -0.002 -30"><span class='ocrx_word' id='word_1_106' title='bbox 162 2089 306 2165; x_wconf 91' lang='lat' dir='ltr'>navis</span> <span class='ocrx_word' id='word_1_107' title='bbox 336 2089 651 2192; x_wconf 90' lang='lat' dir='ltr'>deprehensa</span> <span class='ocrx_word' id='word_1_108' title='bbox 687 2092 770 2179; x_wconf 82' lang='lat' dir='ltr'>sit,</span> <span class='ocrx_word' id='word_1_109' title='bbox 809 2091 1106 2191; x_wconf 87' lang='lat' dir='ltr'>publicetur.</span> <span class='ocrx_word' id='word_1_110' title='bbox 1148 2090 1243 2165; x_wconf 87' lang='lat' dir='ltr'>Eam</span> <span class='ocrx_word' id='word_1_111' title='bbox 1270 2099 1395 2164; x_wconf 88' lang='lat' dir='ltr'>tamen</span> <span class='ocrx_word' id='word_1_112' title='bbox 1424 2087 1548 2184; x_wconf 84' lang='lat' dir='ltr'>legem</span> <span class='ocrx_word' id='word_1_113' title='bbox 1621 2129 1627 2151; x_wconf 70' lang='grc' dir='ltr'>ι</span> 
     </span>
     <span class='ocr_line' id='line_1_15' title="bbox 162 2212 1548 2318; baseline -0.001 -29"><span class='ocrx_word' id='word_1_114' title='bbox 162 2215 318 2292; x_wconf 87' lang='lat' dir='ltr'>Romani</span> <span class='ocrx_word' id='word_1_115' title='bbox 337 2243 413 2293; x_wconf 92' lang='lat' dir='ltr'>non</span> <span class='ocrx_word' id='word_1_116' title='bbox 433 2230 519 2293; x_wconf 94' lang='lat' dir='ltr'>sunt</span> <span class='ocrx_word' id='word_1_117' title='bbox 537 2220 689 2309; x_wconf 87' lang='lat' dir='ltr'>imitati,</span> <span class='ocrx_word' id='word_1_118' title='bbox 709 2243 780 2292; x_wconf 89' lang='lat' dir='ltr'>nec</span> <span class='ocrx_word' id='word_1_119' title='bbox 799 2217 901 2293; x_wconf 89' lang='lat' dir='ltr'>illam</span> <span class='ocrx_word' id='word_1_120' title='bbox 920 2217 1137 2318; x_wconf 78' lang='lat' dir='ltr'>capitalem,</span> <span class='ocrx_word' id='word_1_121' title='bbox 1162 2241 1257 2315; x_wconf 89' lang='lat' dir='ltr'>quac</span> <span class='ocrx_word' id='word_1_122' title='bbox 1276 2212 1548 2313; x_wconf 87' lang='lat' dir='ltr'>introspicienti</span> 
     </span>
     <span class='ocr_line' id='line_1_16' title="bbox 161 2340 1548 2444; baseline -0.004 -28"><span class='ocrx_word' id='word_1_123' title='bbox 161 2367 299 2417; x_wconf 88' lang='lat' dir='ltr'>arcana</span> <span class='ocrx_word' id='word_1_124' title='bbox 317 2345 502 2442; x_wconf 89' lang='lat' dir='ltr'>quaedam</span> <span class='ocrx_word' id='word_1_125' title='bbox 521 2345 728 2438; x_wconf 88' lang='lat' dir='ltr'>navalium,</span> <span class='ocrx_word' id='word_1_126' title='bbox 758 2344 929 2419; x_wconf 90' lang='lat' dir='ltr'>ultimum</span> <span class='ocrx_word' id='word_1_127' title='bbox 953 2342 1174 2444; x_wconf 86' lang='lat' dir='ltr'>supplicium</span> <span class='ocrx_word' id='word_1_128' title='bbox 1194 2340 1404 2439; x_wconf 87' lang='lat' dir='ltr'>irrogabat,</span> <span class='ocrx_word' id='word_1_129' title='bbox 1434 2347 1476 2413; x_wconf 94' lang='lat' dir='ltr'>ut</span> <span class='ocrx_word' id='word_1_130' title='bbox 1494 2349 1548 2412; x_wconf 90' lang='lat' dir='ltr'>te·</span> 
     </span>
     <span class='ocr_line' id='line_1_17' title="bbox 161 2463 1548 2569; baseline -0.002 -28"><span class='ocrx_word' id='word_1_131' title='bbox 161 2468 227 2541; x_wconf 89' lang='lat' dir='ltr'>stis</span> <span class='ocrx_word' id='word_1_132' title='bbox 256 2480 312 2544; x_wconf 88' lang='lat' dir='ltr'>est</span> <span class='ocrx_word' id='word_1_133' title='bbox 341 2467 475 2546; x_wconf 87' lang='lat' dir='ltr'>Strabo</span> <span class='ocrx_word' id='word_1_134' title='bbox 504 2470 564 2546; x_wconf 88' lang='lat' dir='ltr'>lib.</span> <span class='ocrx_word' id='word_1_135' title='bbox 585 2470 690 2564; x_wconf 88' lang='lat' dir='ltr'>XIV,</span> <span class='ocrx_word' id='word_1_136' title='bbox 720 2494 800 2569; x_wconf 89' lang='lat' dir='ltr'>cap.</span> <span class='ocrx_word' id='word_1_137' title='bbox 823 2470 858 2560; x_wconf 83' lang='lat'>2,</span> <span class='ocrx_word' id='word_1_138' title='bbox 889 2464 922 2566; x_wconf 69' lang='grc' dir='ltr'>ξ.</span> <span class='ocrx_word' id='word_1_139' title='bbox 944 2467 1003 2542; x_wconf 84' lang='lat'>5.“</span> <span class='ocrx_word' id='word_1_140' title='bbox 1044 2465 1358 2560; x_wconf 77' lang='lat' dir='ltr'>(Balduinusz</span> <span class='ocrx_word' id='word_1_141' title='bbox 1386 2465 1443 2539; x_wconf 89' lang='lat' dir='ltr'>De</span> <span class='ocrx_word' id='word_1_142' title='bbox 1464 2463 1548 2561; x_wconf 84' lang='lat' dir='ltr'>lege</span> 
     </span>
     <span class='ocr_line' id='line_1_18' title="bbox 161 2589 341 2685; baseline 0.017 -21"><span class='ocrx_word' id='word_1_143' title='bbox 161 2589 341 2685; x_wconf 88' lang='lat' dir='ltr'>Rhodia.)</span> 
     </span>
    </p>

    <p class='ocr_par' dir='ltr' id='par_1_4' title="bbox 163 2714 1549 2944">
     <span class='ocr_line' id='line_1_19' title="bbox 268 2714 1549 2815; baseline -0.004 -22"><span class='ocrx_word' id='word_1_144' title='bbox 268 2717 373 2809; x_wconf 81' lang='lat' dir='ltr'>Quae</span> <span class='ocrx_word' id='word_1_145' title='bbox 393 2744 477 2793; x_wconf 92' lang='lat' dir='ltr'>cum</span> <span class='ocrx_word' id='word_1_146' title='bbox 496 2721 548 2794; x_wconf 88' lang='lat' dir='ltr'>ita</span> <span class='ocrx_word' id='word_1_147' title='bbox 567 2720 659 2812; x_wconf 87' lang='lat' dir='ltr'>sint,</span> <span class='ocrx_word' id='word_1_148' title='bbox 690 2719 800 2795; x_wconf 87' lang='lat' dir='ltr'>facile</span> <span class='ocrx_word' id='word_1_149' title='bbox 828 2716 1064 2811; x_wconf 90' lang='lat' dir='ltr'>crediderim,</span> <span class='ocrx_word' id='word_1_150' title='bbox 1093 2716 1215 2815; x_wconf 84' lang='lat' dir='ltr'>legem</span> <span class='ocrx_word' id='word_1_151' title='bbox 1235 2714 1421 2793; x_wconf 88' lang='lat' dir='ltr'>Rhodiam</span> <span class='ocrx_word' id='word_1_152' title='bbox 1438 2715 1549 2790; x_wconf 89' lang='lat' dir='ltr'>etiam</span> 
     </span>
     <span class='ocr_line' id='line_1_20' title="bbox 163 2840 693 2944; baseline 0.006 -27"><span class='ocrx_word' id='word_1_153' title='bbox 163 2840 317 2919; x_wconf 85' lang='lat' dir='ltr'>Athenis</span> <span class='ocrx_word' id='word_1_154' title='bbox 337 2843 551 2944; x_wconf 89' lang='lat' dir='ltr'>adoptatam</span> <span class='ocrx_word' id='word_1_155' title='bbox 570 2846 693 2921; x_wconf 90' lang='lat' dir='ltr'>fuisse.</span> 
     </span>
    </p>
   </div>
   <div class='ocr_carea' id='block_1_3' title="bbox 740 2947 980 3029">
    <p class='ocr_par' dir='ltr' id='par_1_5' title="bbox 740 2947 980 3029">
     <span class='ocr_line' id='line_1_21' title="bbox 740 2947 980 3029; baseline 0 0"><span class='ocrx_word' id='word_1_156' title='bbox 740 2947 816 3029; x_wconf 75' lang='lat' dir='ltr'>Ad</span> <span class='ocrx_word' id='word_1_157' title='bbox 838 2947 980 3029; x_wconf 78' lang='lat'><strong>1500.</strong></span> 
     </span>
    </p>
   </div>
   <div class='ocr_carea' id='block_1_4' title="bbox 162 3104 1550 3466">
    <p class='ocr_par' dir='ltr' id='par_1_6' title="bbox 162 3104 1550 3466">
     <span class='ocr_line' id='line_1_22' title="bbox 268 3104 1550 3217; baseline -0.007 -26"><span class='ocrx_word' id='word_1_158' title='bbox 268 3115 358 3191; x_wconf 87' lang='lat' dir='ltr'>Lex.</span> <span class='ocrx_word' id='word_1_159' title='bbox 389 3114 541 3213; x_wconf 84' lang='lat' dir='ltr'>Seguer.</span> <span class='ocrx_word' id='word_1_160' title='bbox 571 3145 607 3217; x_wconf 91' lang='lat' dir='ltr'>p.</span> <span class='ocrx_word' id='word_1_161' title='bbox 638 3116 733 3190; x_wconf 78' lang='lat'>434:</span> <span class='ocrx_word' id='word_1_162' title='bbox 758 3108 1059 3209; x_wconf 80' lang='grc' dir='ltr'><em>’Λπόρρητα,</em></span> <span class='ocrx_word' id='word_1_163' title='bbox 1089 3106 1215 3184; x_wconf 82' lang='grc' dir='ltr'><em>πάντα</em></span> <span class='ocrx_word' id='word_1_164' title='bbox 1243 3105 1290 3182; x_wconf 77' lang='grc' dir='ltr'>τὰ</span> <span class='ocrx_word' id='word_1_165' title='bbox 1321 3104 1550 3209; x_wconf 78' lang='grc' dir='ltr'><em>ἀπειρημένα</em></span> 
     </span>
     <span class='ocr_line' id='line_1_23' title="bbox 162 3233 1549 3341; baseline 0.004 -31"><span class='ocrx_word' id='word_1_166' title='bbox 162 3243 230 3311; x_wconf 80' lang='grc' dir='ltr'>καί</span> <span class='ocrx_word' id='word_1_167' title='bbox 250 3233 534 3341; x_wconf 75' lang='grc' dir='ltr'><em>ἀπηγορευμένα</em></span> <span class='ocrx_word' id='word_1_168' title='bbox 555 3245 597 3313; x_wconf 83' lang='grc' dir='ltr'>ἐν</span> <span class='ocrx_word' id='word_1_169' title='bbox 615 3248 694 3324; x_wconf 84' lang='grc' dir='ltr'><em>τοῖς</em></span> <span class='ocrx_word' id='word_1_170' title='bbox 713 3235 846 3335; x_wconf 84' lang='grc' dir='ltr'><em>νόμοις</em></span> <span class='ocrx_word' id='word_1_171' title='bbox 868 3241 1055 3340; x_wconf 81' lang='grc' dir='ltr'><em>λέγουσιν.</em></span> <span class='ocrx_word' id='word_1_172' title='bbox 1078 3240 1151 3332; x_wconf 87' lang='lat' dir='ltr'>(In</span> <span class='ocrx_word' id='word_1_173' title='bbox 1163 3264 1182 3312; x_wconf 93' lang='lat' dir='ltr'>e</span> <span class='ocrx_word' id='word_1_174' title='bbox 1195 3239 1214 3314; x_wconf 91' lang='lat' dir='ltr'><strong>f</strong></span> <span class='ocrx_word' id='word_1_175' title='bbox 1221 3239 1239 3312; x_wconf 91' lang='lat' dir='ltr'><strong>f</strong></span> <span class='ocrx_word' id='word_1_176' title='bbox 1246 3236 1403 3314; x_wconf 84' lang='lat' dir='ltr'>abilia</span> <span class='ocrx_word' id='word_1_177' title='bbox 1421 3239 1549 3315; x_wconf 85' lang='lat' dir='ltr'>dieunt</span> 
     </span>
     <span class='ocr_line' id='line_1_24' title="bbox 163 3365 1112 3466; baseline -0.002 -24"><span class='ocrx_word' id='word_1_178' title='bbox 163 3367 287 3443; x_wconf 85' lang='lat' dir='ltr'>omnia</span> <span class='ocrx_word' id='word_1_179' title='bbox 306 3393 401 3466; x_wconf 90' lang='lat' dir='ltr'>quae</span> <span class='ocrx_word' id='word_1_180' title='bbox 421 3368 566 3463; x_wconf 86' lang='lat' dir='ltr'>legibus</span> <span class='ocrx_word' id='word_1_181' title='bbox 585 3365 781 3441; x_wconf 88' lang='lat' dir='ltr'>interdicta</span> <span class='ocrx_word' id='word_1_182' title='bbox 800 3377 891 3441; x_wconf 89' lang='lat' dir='ltr'>sunt</span> <span class='ocrx_word' id='word_1_183' title='bbox 910 3379 946 3440; x_wconf 87' lang='lat' dir='ltr'>et</span> <span class='ocrx_word' id='word_1_184' title='bbox 965 3367 1112 3457; x_wconf 85' lang='lat' dir='ltr'>vetita.)</span> 
     </span>
    </p>
   </div>
   <div class='ocr_carea' id='block_1_5' title="bbox 739 3576 976 3659">
    <p class='ocr_par' dir='ltr' id='par_1_7' title="bbox 739 3576 976 3659">
     <span class='ocr_line' id='line_1_25' title="bbox 739 3576 976 3659; baseline 0.004 -1"><span class='ocrx_word' id='word_1_185' title='bbox 739 3576 815 3659; x_wconf 78' lang='lat' dir='ltr'>Ad</span> <span class='ocrx_word' id='word_1_186' title='bbox 832 3576 976 3659; x_wconf 76' lang='lat'><strong>1502.</strong></span> 
     </span>
    </p>
   </div>
   <div class='ocr_carea' id='block_1_6' title="bbox 158 3731 1552 4344">
    <p class='ocr_par' dir='ltr' id='par_1_8' title="bbox 158 3731 1552 4344">
     <span class='ocr_line' id='line_1_26' title="bbox 269 3731 1550 3845; baseline -0.005 -26"><span class='ocrx_word' id='word_1_187' title='bbox 269 3744 401 3844; x_wconf 88' lang='lat' dir='ltr'>Lysias</span> <span class='ocrx_word' id='word_1_188' title='bbox 421 3772 450 3821; x_wconf 91' lang='lat' dir='ltr'>e.</span> <span class='ocrx_word' id='word_1_189' title='bbox 472 3744 764 3821; x_wconf 81' lang='lat' dir='ltr'>Theomnastum</span> <span class='ocrx_word' id='word_1_190' title='bbox 783 3744 895 3845; x_wconf 90' lang='lat' dir='ltr'>prior.</span> <span class='ocrx_word' id='word_1_191' title='bbox 917 3738 950 3842; x_wconf 61' lang='grc' dir='ltr'>ξ.</span> <span class='ocrx_word' id='word_1_192' title='bbox 972 3743 1041 3817; x_wconf 85' lang='grc' dir='ltr'>3οε</span> <span class='ocrx_word' id='word_1_193' title='bbox 1072 3731 1093 3814; x_wconf 80' lang='grc' dir='ltr'>ὁ</span> <span class='ocrx_word' id='word_1_194' title='bbox 1117 3746 1330 3837; x_wconf 76' lang='grc' dir='ltr'><em>νομοθέτης</em></span> <span class='ocrx_word' id='word_1_195' title='bbox 1360 3736 1550 3837; x_wconf 81' lang='grc' dir='ltr'><em>οὐδεμίαν</em></span> 
     </span>
     <span class='ocr_line' id='line_1_27' title="bbox 164 3861 1550 3970; baseline 0.001 -30"><span class='ocrx_word' id='word_1_196' title='bbox 164 3862 257 3969; x_wconf 74' lang='grc' dir='ltr'><em>ὀργῇ</em></span> <span class='ocrx_word' id='word_1_197' title='bbox 279 3865 507 3970; x_wconf 82' lang='grc' dir='ltr'><em>συγγνώμην</em></span> <span class='ocrx_word' id='word_1_198' title='bbox 527 3866 703 3957; x_wconf 82' lang='grc' dir='ltr'><em>δίδωσιν,</em></span> <span class='ocrx_word' id='word_1_199' title='bbox 734 3865 831 3942; x_wconf 79' lang='grc' dir='ltr'><em>ἀλλὰ</em></span> <span class='ocrx_word' id='word_1_200' title='bbox 853 3874 981 3965; x_wconf 83' lang='grc' dir='ltr'><em>ζημιοῖ</em></span> <span class='ocrx_word' id='word_1_201' title='bbox 998 3864 1069 3940; x_wconf 82' lang='grc' dir='ltr'>τὸν</span> <span class='ocrx_word' id='word_1_202' title='bbox 1088 3867 1264 3960; x_wconf 73' lang='grc' dir='ltr'><em>(κακῶς)</em></span> <span class='ocrx_word' id='word_1_203' title='bbox 1284 3871 1458 3969; x_wconf 70' lang='grc' dir='ltr'><em>λέγοντα,</em></span> <span class='ocrx_word' id='word_1_204' title='bbox 1480 3861 1550 3941; x_wconf 74' lang='grc' dir='ltr'>ἐὰν</span> 
     </span>
     <span class='ocr_line' id='line_1_28' title="bbox 158 3989 1549 4093; baseline 0.003 -28"><span class='ocrx_word' id='word_1_205' title='bbox 158 3989 212 4088; x_wconf 79' lang='grc' dir='ltr'><em>μή</em></span> <span class='ocrx_word' id='word_1_206' title='bbox 234 3989 433 4090; x_wconf 78' lang='grc' dir='ltr'><em>ἀποφαίνῃ</em></span> <span class='ocrx_word' id='word_1_207' title='bbox 454 3990 502 4081; x_wconf 77' lang='grc' dir='ltr'>ὥς</span> <span class='ocrx_word' id='word_1_208' title='bbox 523 4001 625 4070; x_wconf 80' lang='grc' dir='ltr'><em>ἐστιν</em></span> <span class='ocrx_word' id='word_1_209' title='bbox 644 3989 769 4083; x_wconf 75' lang='grc' dir='ltr'><em>ἀληθῆ</em></span> <span class='ocrx_word' id='word_1_210' title='bbox 790 3989 837 4066; x_wconf 78' lang='grc' dir='ltr'>τοὶ</span> <span class='ocrx_word' id='word_1_211' title='bbox 856 3995 1041 4093; x_wconf 75' lang='grc' dir='ltr'><em>εἰρημένα.</em></span> <span class='ocrx_word' id='word_1_212' title='bbox 1064 3992 1234 4086; x_wconf 87' lang='lat' dir='ltr'>(Nullam</span> <span class='ocrx_word' id='word_1_213' title='bbox 1252 3993 1467 4072; x_wconf 89' lang='lat' dir='ltr'>iracundiae</span> <span class='ocrx_word' id='word_1_214' title='bbox 1487 4019 1549 4069; x_wconf 89' lang='lat' dir='ltr'>ve·</span> 
     </span>
     <span class='ocr_line' id='line_1_29' title="bbox 163 4119 1552 4223; baseline -0.001 -26"><span class='ocrx_word' id='word_1_215' title='bbox 163 4124 263 4198; x_wconf 89' lang='lat' dir='ltr'>niam</span> <span class='ocrx_word' id='word_1_216' title='bbox 292 4123 355 4198; x_wconf 89' lang='lat' dir='ltr'>dat</span> <span class='ocrx_word' id='word_1_217' title='bbox 382 4122 591 4222; x_wconf 81' lang='lat' dir='ltr'>legislator,</span> <span class='ocrx_word' id='word_1_218' title='bbox 620 4148 751 4198; x_wconf 87' lang='lat' dir='ltr'>verum</span> <span class='ocrx_word' id='word_1_219' title='bbox 780 4146 921 4223; x_wconf 87' lang='lat' dir='ltr'>poenas</span> <span class='ocrx_word' id='word_1_220' title='bbox 947 4147 969 4194; x_wconf 88' lang='lat' dir='ltr'>a</span> <span class='ocrx_word' id='word_1_221' title='bbox 997 4120 1247 4196; x_wconf 90' lang='lat' dir='ltr'>conviciatore</span> <span class='ocrx_word' id='word_1_222' title='bbox 1277 4121 1407 4212; x_wconf 89' lang='lat' dir='ltr'>sumit,</span> <span class='ocrx_word' id='word_1_223' title='bbox 1437 4119 1476 4194; x_wconf 93' lang='lat' dir='ltr'>ni</span> <span class='ocrx_word' id='word_1_224' title='bbox 1508 4145 1552 4195; x_wconf 90' lang='lat' dir='ltr'>ea</span> 
     </span>
     <span class='ocr_line' id='line_1_30' title="bbox 163 4247 904 4344; baseline -0.001 -22"><span class='ocrx_word' id='word_1_225' title='bbox 163 4273 257 4344; x_wconf 89' lang='lat' dir='ltr'>quae</span> <span class='ocrx_word' id='word_1_226' title='bbox 279 4247 414 4324; x_wconf 86' lang='lat' dir='ltr'>dixerit</span> <span class='ocrx_word' id='word_1_227' title='bbox 432 4275 522 4324; x_wconf 90' lang='lat' dir='ltr'>vera</span> <span class='ocrx_word' id='word_1_228' title='bbox 542 4273 622 4324; x_wconf 89' lang='lat' dir='ltr'>esse</span> <span class='ocrx_word' id='word_1_229' title='bbox 644 4247 904 4337; x_wconf 86' lang='lat' dir='ltr'>demonstret.)</span> 
     </span>
    </p>
   </div>
   <div class='ocr_carea' id='block_1_7' title="bbox 736 4457 973 4541">
    <p class='ocr_par' dir='ltr' id='par_1_9' title="bbox 736 4457 973 4541">
     <span class='ocr_line' id='line_1_31' title="bbox 736 4457 973 4541; baseline -0.004 0"><span class='ocrx_word' id='word_1_230' title='bbox 736 4458 813 4541; x_wconf 79' lang='lat' dir='ltr'>ad</span> <span class='ocrx_word' id='word_1_231' title='bbox 830 4457 973 4540; x_wconf 78' lang='lat'><strong>1505.</strong></span> 
     </span>
    </p>
   </div>
   <div class='ocr_carea' id='block_1_8' title="bbox 163 4621 1550 5101">
    <p class='ocr_par' dir='ltr' id='par_1_10' title="bbox 163 4621 1550 5101">
     <span class='ocr_line' id='line_1_32' title="bbox 270 4621 1546 4729; baseline -0.004 -27"><span class='ocrx_word' id='word_1_232' title='bbox 270 4625 557 4729; x_wconf 90' lang='lat' dir='ltr'>Xenophon.</span> <span class='ocrx_word' id='word_1_233' title='bbox 578 4625 747 4703; x_wconf 84' lang='lat' dir='ltr'>Athen.</span> <span class='ocrx_word' id='word_1_234' title='bbox 769 4652 891 4726; x_wconf 88' lang='lat' dir='ltr'>resp.</span> <span class='ocrx_word' id='word_1_235' title='bbox 911 4625 960 4717; x_wconf 88' lang='lat' dir='ltr'>II,</span> <span class='ocrx_word' id='word_1_236' title='bbox 984 4624 1052 4698; x_wconf 84' lang='lat'>18:</span> <span class='ocrx_word' id='word_1_237' title='bbox 1082 4621 1231 4698; x_wconf 88' lang='lat' dir='ltr'>Salibus</span> <span class='ocrx_word' id='word_1_238' title='bbox 1251 4626 1400 4701; x_wconf 85' lang='lat' dir='ltr'>comicis</span> <span class='ocrx_word' id='word_1_239' title='bbox 1420 4624 1460 4698; x_wconf 92' lang='lat' dir='ltr'>in</span> <span class='ocrx_word' id='word_1_240' title='bbox 1480 4650 1546 4724; x_wconf 94' lang='lat' dir='ltr'>po·</span> 
     </span>
     <span class='ocr_line' id='line_1_33' title="bbox 163 4748 1550 4853; baseline -0.003 -27"><span class='ocrx_word' id='word_1_241' title='bbox 163 4752 294 4853; x_wconf 91' lang='lat' dir='ltr'>pulum</span> <span class='ocrx_word' id='word_1_242' title='bbox 313 4753 394 4850; x_wconf 82' lang='lat' dir='ltr'>agi,</span> <span class='ocrx_word' id='word_1_243' title='bbox 424 4778 581 4852; x_wconf 90' lang='lat' dir='ltr'>eumque</span> <span class='ocrx_word' id='word_1_244' title='bbox 610 4749 800 4852; x_wconf 89' lang='lat' dir='ltr'>proscindi</span> <span class='ocrx_word' id='word_1_245' title='bbox 830 4750 1005 4825; x_wconf 90' lang='lat' dir='ltr'>conviciis</span> <span class='ocrx_word' id='word_1_246' title='bbox 1033 4774 1112 4823; x_wconf 94' lang='lat' dir='ltr'>non</span> <span class='ocrx_word' id='word_1_247' title='bbox 1138 4749 1330 4846; x_wconf 88' lang='lat' dir='ltr'>patiuntur</span> <span class='ocrx_word' id='word_1_248' title='bbox 1348 4748 1550 4825; x_wconf 86' lang='lat' dir='ltr'>Athenien·</span> 
     </span>
     <span class='ocr_line' id='line_1_34' title="bbox 163 4874 1548 4977; baseline -0.002 -27"><span class='ocrx_word' id='word_1_249' title='bbox 163 4903 243 4969; x_wconf 87' lang='lat' dir='ltr'>ses,</span> <span class='ocrx_word' id='word_1_250' title='bbox 272 4903 318 4952; x_wconf 90' lang='lat' dir='ltr'>ne</span> <span class='ocrx_word' id='word_1_251' title='bbox 338 4878 487 4977; x_wconf 89' lang='lat' dir='ltr'>ipsimet</span> <span class='ocrx_word' id='word_1_252' title='bbox 515 4878 610 4953; x_wconf 87' lang='lat' dir='ltr'>male</span> <span class='ocrx_word' id='word_1_253' title='bbox 640 4875 812 4970; x_wconf 77' lang='lat' dir='ltr'>audiant3</span> <span class='ocrx_word' id='word_1_254' title='bbox 841 4875 905 4949; x_wconf 84' lang='lat' dir='ltr'>sed</span> <span class='ocrx_word' id='word_1_255' title='bbox 933 4875 1107 4975; x_wconf 88' lang='lat' dir='ltr'>privatim</span> <span class='ocrx_word' id='word_1_256' title='bbox 1132 4876 1386 4975; x_wconf 88' lang='lat' dir='ltr'>praecipiunt,</span> <span class='ocrx_word' id='word_1_257' title='bbox 1416 4874 1446 4948; x_wconf 90' lang='lat' dir='ltr'>si</span> <span class='ocrx_word' id='word_1_258' title='bbox 1466 4874 1548 4971; x_wconf 89' lang='lat' dir='ltr'>quis</span> 
     </span>
     <span class='ocr_line' id='line_1_35' title="bbox 164 4998 1550 5101; baseline -0.001 -26"><span class='ocrx_word' id='word_1_259' title='bbox 164 5002 324 5101; x_wconf 89' lang='lat' dir='ltr'>aliquem</span> <span class='ocrx_word' id='word_1_260' title='bbox 343 5003 441 5077; x_wconf 88' lang='lat' dir='ltr'>velit.</span> <span class='ocrx_word' id='word_1_261' title='bbox 479 5003 628 5078; x_wconf 91' lang='lat' dir='ltr'>Norunt</span> <span class='ocrx_word' id='word_1_262' title='bbox 657 5001 757 5076; x_wconf 90' lang='lat' dir='ltr'>enim</span> <span class='ocrx_word' id='word_1_263' title='bbox 784 5001 1002 5101; x_wconf 90' lang='lat' dir='ltr'>plerumque</span> <span class='ocrx_word' id='word_1_264' title='bbox 1030 5024 1108 5074; x_wconf 91' lang='lat' dir='ltr'>non</span> <span class='ocrx_word' id='word_1_265' title='bbox 1133 5001 1334 5100; x_wconf 87' lang='lat' dir='ltr'>epopulo,</span> <span class='ocrx_word' id='word_1_266' title='bbox 1363 5022 1484 5098; x_wconf 88' lang='lat' dir='ltr'>neque</span> <span class='ocrx_word' id='word_1_267' title='bbox 1505 4998 1550 5074; x_wconf 91' lang='lat' dir='ltr'>de</span> 
     </span>
    </p>
   </div>
   <div class='ocr_carea' id='block_1_9' title="bbox 165 5123 1548 5315">
    <p class='ocr_par' dir='ltr' id='par_1_11' title="bbox 165 5123 1548 5315">
     <span class='ocr_line' id='line_1_36' title="bbox 165 5123 1548 5227; baseline 0 -26"><span class='ocrx_word' id='word_1_268' title='bbox 165 5127 276 5225; x_wconf 89' lang='lat' dir='ltr'>plebe</span> <span class='ocrx_word' id='word_1_269' title='bbox 295 5127 399 5205; x_wconf 85' lang='lat' dir='ltr'>illum</span> <span class='ocrx_word' id='word_1_270' title='bbox 419 5151 518 5221; x_wconf 88' lang='lat' dir='ltr'>esse,</span> <span class='ocrx_word' id='word_1_271' title='bbox 540 5127 602 5227; x_wconf 93' lang='lat' dir='ltr'>qui</span> <span class='ocrx_word' id='word_1_272' title='bbox 622 5127 660 5202; x_wconf 94' lang='lat' dir='ltr'>in</span> <span class='ocrx_word' id='word_1_273' title='bbox 680 5124 882 5202; x_wconf 88' lang='lat' dir='ltr'>comoediis</span> <span class='ocrx_word' id='word_1_274' title='bbox 903 5125 1130 5221; x_wconf 85' lang='lat' dir='ltr'>exagitetur,</span> <span class='ocrx_word' id='word_1_275' title='bbox 1155 5123 1220 5200; x_wconf 86' lang='lat' dir='ltr'>sed</span> <span class='ocrx_word' id='word_1_276' title='bbox 1241 5125 1300 5199; x_wconf 89' lang='lat' dir='ltr'>vel</span> <span class='ocrx_word' id='word_1_277' title='bbox 1320 5125 1548 5225; x_wconf 88' lang='lat' dir='ltr'>opulentum,</span> 
     </span>
     <span class='ocr_line' id='line_1_37' title="bbox 1293 5248 1334 5315; baseline -0.098 0"><span class='ocrx_word' id='word_1_278' title='bbox 1293 5248 1334 5315; x_wconf 82' lang='lat'>41</span> 
     </span>
    </p>
   </div>
   <div class='ocr_carea' id='block_1_10' title="bbox 0 0 1731 5790">
    <p class='ocr_par' dir='ltr' id='par_1_12' title="bbox 0 0 1731 5790">
     <span class='ocr_line' id='line_1_38' title="bbox 0 0 1731 5790; baseline 0 0"><span class='ocrx_word' id='word_1_279' title='bbox 0 0 1731 5790; x_wconf 95' lang='lat' dir='ltr'> </span> 
     </span>
    </p>
   </div>
  </div>
 </body>
</html>
