3436 5790
162 388 240 463 ⁵20
535 404 842 457 couueuruurus
863 401 915 451 se
935 399 998 450 ses.
1018 396 1081 449 sn.
1102 399 1165 452 su.

161 598 357 705 Syqianum
376 597 424 674 ad
444 599 671 694 Hermogen.
693 605 774 670 stat⁸
796 593 867 688 28;
896 604 933 668 et
953 592 1113 692 Gregor.
1134 589 1301 671 Corinth.
1322 587 1370 664 ud
1391 587 1551 663 Hermo·

160 748 247 822 gen.
267 722 430 801 method.
451 723 629 821 eloquent
663 720 774 795 1119.
796 744 826 795 ο.
846 718 893 795 11.

749 928 824 1012 As
848 928 964 1013 808.

272 1099 459 1195 „Pollucis
489 1097 672 1199 posterior
689 1096 795 1172 locus
815 1122 899 1171 eum
919 1097 1042 1197 priore
1062 1121 1230 1197 pugnare
1250 1093 1416 1189 videtur;
1445 1120 1552 1188 nam,

163 1223 263 1324 quod
290 1234 401 1300 antea
419 1217 490 1295 τὸν
508 1216 753 1319 βουλόμενον
772 1220 904 1299 fecisse
922 1215 1088 1315 dixerat,
1116 1220 1154 1296 id
1174 1243 1273 1295 nunc
1292 1217 1550 1294 thesmuthetis

164 1349 303 1425 tribuit.
342 1348 540 1424 Conciliari
569 1358 694 1424 tamen
723 1346 816 1423 haec
836 1346 946 1423 facile
965 1359 1143 1449 possunt,
1171 1345 1202 1422 si
1223 1357 1382 1437 statuas,
1411 1343 1552 1420 adeun-

166 1474 234 1549 dos
263 1473 421 1574 primum
450 1500 472 1548 a
501 1472 668 1550 delatore
696 1473 810 1548 fuisse
839 1469 1133 1565 thesrnothetas,
1170 1469 1551 1570 interrogandosque,

165 1609 288 1673 utrum
307 1598 354 1675 ad
374 1625 414 1672 se
433 1596 562 1674 autad
581 1597 742 1699 aliquem
762 1624 784 1672 e
800 1595 958 1696 collegis
976 1622 1113 1672 nornen
1133 1595 1288 1690 deferri,
1309 1623 1358 1671 an
1377 1595 1554 1694 εἰσαγγε-

167 1724 258 1795 λίαν
284 1723 426 1800 institui
455 1737 627 1825 oportere
657 1724 922 1801 existimarent.
969 1721 1007 1798 Si
1044 1721 1291 1824 εἰσαγγελίαν
1319 1719 1464 1795 institui
1493 1729 1557 1793 aut

167 1874 279 1955 posse
305 1858 369 1924 aut
396 1848 532 1926 debere
561 1850 860 1952 respondissent,
890 1860 979 1924 tune
1003 1862 1066 1925 aut
1084 1849 1186 1950 ipses
1205 1874 1284 1923 rem
1304 1847 1353 1923 ad
1373 1842 1554 1949 populum
1639 1831 1640 1836 ¹

167 1968 315 2063 tulisse,
343 1985 409 2049 arut
436 1975 662 2071 delatorem,
691 2000 913 2076 quamquam
933 1974 1055 2076 potuit
1074 1973 1106 2048 is
1126 1998 1274 2073 quoque
1298 1970 1556 2072 εἰσαγγέλλειν

168 2096 260 2190 dici,
290 2098 352 2198 qui
370 2086 617 2200 εἰσαγγελίαν
645 2126 713 2176 suo
741 2100 891 2175 nomine
910 2126 933 2175 a
952 2098 1212 2175 thesmetbetis
1231 2096 1474 2175 deferendam
1493 2121 1556 2169 cu·

169 2223 292 2321 raritf‘
324 2221 621 2301 Sch'dmann:
649 2227 716 2301 De
745 2224 967 2301 comitiis
996 2221 1377 2301 Atheniensium
1405 2248 1441 2322 p.
1464 2220 1554 2295 205.

758 2435 835 2521 At
862 2436 969 2519 012.

278 2601 392 2677 Teste
412 2600 562 2678 Polluce
582 2602 790 2696 (V111‚53)
812 2601 1013 2678 secundum
1034 2600 1181 2677 Solonis
1202 2601 1435 2701 praescripta
1453 2600 1555 2675 mille

166 2725 309 2826 judices
333 2725 554 2822 judicabant
581 2727 909 2819 denuntiationes,
938 2725 1073 2827 quibus
1102 2739 1250 2830 postea,
1280 2736 1322 2801 ut
1347 2724 1560 2800 Demetrius

174 2848 377 2929 Phalereus
396 2851 526 2944 tradit,
557 2853 750 2953 quingenti
771 2852 884 2929 additi
903 2865 999 2928 sunt.

281 2975 484 3077 Hyperidis
504 2989 626 3054 aetate
646 2977 727 3078 jam
751 2979 1003 3055 abutebantur
1022 2978 1123 3054 cives
1144 2978 1231 3080 jure
1250 2976 1559 3054 denunciationis.

173 3100 273 3175 Dicit
292 3100 389 3174 enim
419 3105 534 3202 (pro
564 3097 861 3205 Euxe'nippo
894 3103 1016 3197 1-3)
1045 3102 1147 3205 prius
1168 3101 1212 3179 de
1234 3101 1379 3201 magnis
1399 3098 1561 3176 crimini·

174 3222 245 3332 bus
274 3235 311 3299 et
338 3225 623 3303 evidentissimis
651 3226 960 3304 denunciationes
988 3227 1122 3324 fuisse3
1149 3254 1249 3304 nunc
1277 3252 1367 3305 vero
1398 3253 1493 3327 quae
1522 3226 1561 3299 in

175 3348 267 3424 urbe
288 3350 397 3442 liant,
418 3374 570 3451 prorsus
590 3378 670 3428 esse
691 3350 865 3449 ridicula;
885 3352 1056 3429 nimirum
1075 3352 1282 3451 Diognides
1302 3364 1338 3428 et
1357 3348 1561 3431 Antiderus

174 3471 376 3573 inquilinus
396 3474 443 3553 ad
462 3477 642 3577 populum
662 3478 894 3571 deferuntur,
914 3478 1014 3578 quod
1034 3476 1205 3554 tibicinas
1224 3475 1352 3578 majori
1372 3502 1481 3577 quarn
1502 3473 1562 3552 lex

169 3598 281 3700 jubet
299 3599 470 3676 mercede
489 3601 634 3698 locent;
654 3600 847 3701 Agasicles
868 3616 988 3679 autem
1010 3602 1238 3692 Piraeeusis,
1258 3600 1358 3703 quod
1376 3602 1415 3676 in
1434 3597 1560 3675 album

176 3726 463 3801 Halimusierum
484 3728 531 3803 sit
549 3729 766 3829 inscriptus3
786 3728 1032 3830 Euxenippus
1053 3728 1212 3829 denique
1231 3727 1279 3804 ob
1293 3727 1447 3819 somnia,
1468 3753 1564 3826 quae

176 3851 372 3926 sevidisse
394 3851 510 3943 dicut3
538 3879 558 3929 e
587 3852 721 3952 quibus
748 3853 1046 3929 accusationibus
1075 3831 1179 3929 nulla
1205 3880 1252 3928 ne
1271 3853 1463 3929 minimum
1484 3854 1563 3953 qui·

177 3976 262 4051 dem
282 4001 366 4051 cunr
384 3976 468 4074 lege
488 3976 786 4054 denunciationis
805 3976 920 4053 habet
938 4004 1146 4055 commune.

283 4100 496 4176 Formulaur
525 4102 824 4180 denunciationis
853 4103 939 4179 vide
964 4103 1064 4204 apud
1086 4101 1326 4179 Plutarchum
1347 4103 1386 4177 in
1404 4103 1483 4178 rita
1504 4101 1563 4178 Al-

177 4225 332 4303 cibiadis
351 4228 414 4302 22.

774 4330 850 4414 Ad
872 4334 979 4415 814.

285 4495 408 4572 Schol.
427 4497 466 4573 iu
485 4497 659 4576 Aeschin.
681 4528 733 4575 or.
764 4500 809 4575 de
840 4501 935 4576 male
961 4510 1056 4599 gest.
1078 4500 1187 4595 legat.
1209 4499 1279 4573 61:
1304 4492 1375 4570 Ἐν
1394 4494 1448 4593 τῷ
1470 4490 1566 4569 θεά·

180 4647 258 4716 req>
278 4612 386 4717 αὐτῷ
402 4617 500 4717 μετα
521 4618 590 4710 τὴν
609 4617 747 4719 ἑορτὴν
774 4625 961 4712 ἐκκλησία
993 4619 1218 4718 ἡθροίζετο,
1249 4627 1291 4695 ἐν
1310 4609 1332 4716 ᾗ
1352 4616 1470 4695 οὐδὲν
1487 4626 1568 4696 ἓτε-

180 4770 251 4841 ρον
271 4738 293 4834 ἢ
310 4739 357 4817 τοὶ
385 4751 466 4843 περὶ
493 4743 558 4836 τῆς
587 4745 716 4844 ἑορτῆς
745 4746 987 4822 ἐσκοποῦντο
1016 4752 1084 4822 καί
1113 4743 1205 4832 τούς
1233 4743 1569 4844 πλημμελήσαντας

181 4876 263 4967 περὶ
284 4865 407 4961 αὐτὴν
426 4869 627 4963 ἐκόλαζον.
658 4877 724 4966 (In
743 4876 825 4976 ipse
845 4876 987 4952 theatro
1007 4887 1093 4977 post
1112 4878 1244 4954 festum
1264 4876 1393 4952 concio
1412 4901 1567 4973 congre-

181 4997 359 5093 nabatur,
387 5001 426 5074 in
443 5026 517 5099 qua
535 5001 682 5076 nonnisi
702 5027 746 5076 ea
764 5029 857 5102 quae
877 5002 923 5077 ad
945 5003 1081 5077 festum
1102 5003 1310 5078 attinebant
1327 4998 1566 5100 inquireban-

410 5123 416 5128 ’
433 5128 610 5226 uqneutes'
624 5136 757 5203 contra
772 5125 863 5205 illud
881 5127 1122 5231 puniebant)
