<?xml version="1.0" encoding="UTF-8"?>
<!DOCTYPE html PUBLIC "-//W3C//DTD XHTML 1.0 Transitional//EN"
    "http://www.w3.org/TR/xhtml1/DTD/xhtml1-transitional.dtd">
<html xmlns="http://www.w3.org/1999/xhtml" xml:lang="en" lang="en">
 <head>
  <title>
</title>
<meta http-equiv="Content-Type" content="text/html;charset=utf-8" />
  <meta name='ocr-system' content='tesseract 3.04.00' />
  <meta name='ocr-capabilities' content='ocr_page ocr_carea ocr_par ocr_line ocrx_word'/>
</head>
<body>
  <div class='ocr_page' id='page_1' title='image "./synaggtnattiknn00tlgoog_0618.png"; bbox 0 0 3404 5782; ppageno 0'>
   <div class='ocr_carea' id='block_1_1' title="bbox 154 324 1338 433">
    <p class='ocr_par' dir='ltr' id='par_1_1' title="bbox 154 324 1338 433">
     <span class='ocr_line' id='line_1_1' title="bbox 154 324 1338 433; baseline -0.005 -2"><span class='ocrx_word' id='word_1_1' title='bbox 154 324 230 433; x_wconf 66' lang='lat' dir='ltr'>dih</span> <span class='ocrx_word' id='word_1_2' title='bbox 402 336 783 431; x_wconf 68' lang='lat' dir='ltr'>cohlurnmriius&#39;ro</span> <span class='ocrx_word' id='word_1_3' title='bbox 806 361 884 427; x_wconf 77' lang='lat' dir='ltr'>raes.</span> <span class='ocrx_word' id='word_1_4' title='bbox 909 372 985 428; x_wconf 75' lang='lat'>¹29⁴.</span> <span class='ocrx_word' id='word_1_5' title='bbox 1010 371 1093 429; x_wconf 78' lang='lat'>1295.</span> <span class='ocrx_word' id='word_1_6' title='bbox 1120 368 1216 426; x_wconf 74' lang='lat' dir='ltr'>mee.</span> <span class='ocrx_word' id='word_1_7' title='bbox 1245 370 1338 427; x_wconf 75' lang='lat' dir='ltr'>reor.</span> 
     </span>
    </p>
   </div>
   <div class='ocr_carea' id='block_1_2' title="bbox 154 549 1538 798">
    <p class='ocr_par' dir='ltr' id='par_1_2' title="bbox 154 549 1538 798">
     <span class='ocr_line' id='line_1_2' title="bbox 154 549 1538 674; baseline -0.005 -27"><span class='ocrx_word' id='word_1_8' title='bbox 154 574 298 674; x_wconf 84' lang='lat' dir='ltr'>pietatis</span> <span class='ocrx_word' id='word_1_9' title='bbox 328 595 408 648; x_wconf 92' lang='lat' dir='ltr'>esse</span> <span class='ocrx_word' id='word_1_10' title='bbox 438 573 558 646; x_wconf 87' lang='lat' dir='ltr'>sinam</span> <span class='ocrx_word' id='word_1_11' title='bbox 588 583 624 646; x_wconf 90' lang='lat' dir='ltr'>et</span> <span class='ocrx_word' id='word_1_12' title='bbox 655 555 896 667; x_wconf 74' lang='lat' dir='ltr'>relinqhii&#39;rh.“</span> <span class='ocrx_word' id='word_1_13' title='bbox 938 549 1169 660; x_wconf 70' lang='lat' dir='ltr'>(Diodor.</span> <span class='ocrx_word' id='word_1_14' title='bbox 1212 566 1385 642; x_wconf 85' lang='lat' dir='ltr'>Sicul.</span> <span class='ocrx_word' id='word_1_15' title='bbox 1415 567 1474 661; x_wconf 79' lang='lat' dir='ltr'>xl,</span> <span class='ocrx_word' id='word_1_16' title='bbox 1495 570 1538 661; x_wconf 77' lang='lat' dir='ltr'>ru</span> 
     </span>
     <span class='ocr_line' id='line_1_3' title="bbox 154 692 1538 798; baseline -0.001 -25"><span class='ocrx_word' id='word_1_17' title='bbox 154 699 334 798; x_wconf 87' lang='lat' dir='ltr'><strong>Loquitur</strong></span> <span class='ocrx_word' id='word_1_18' title='bbox 353 697 398 773; x_wconf 92' lang='lat' dir='ltr'>de</span> <span class='ocrx_word' id='word_1_19' title='bbox 418 698 519 772; x_wconf 92' lang='lat' dir='ltr'>bello</span> <span class='ocrx_word' id='word_1_20' title='bbox 540 698 629 771; x_wconf 88' lang='lat' dir='ltr'>unni</span> <span class='ocrx_word' id='word_1_21' title='bbox 649 696 758 769; x_wconf 72' lang='lat' dir='ltr'>ctu-i</span> <span class='ocrx_word' id='word_1_22' title='bbox 778 722 811 770; x_wconf 88' lang='lat' dir='ltr'>a.</span> <span class='ocrx_word' id='word_1_23' title='bbox 833 692 901 769; x_wconf 84' lang='lat' dir='ltr'>Oh.</span> <span class='ocrx_word' id='word_1_24' title='bbox 933 694 1092 769; x_wconf 89' lang='lat' dir='ltr'>ducibus</span> <span class='ocrx_word' id='word_1_25' title='bbox 1117 692 1315 769; x_wconf 82' lang='lat' dir='ltr'><strong>Aristide</strong></span> <span class='ocrx_word' id='word_1_26' title='bbox 1339 703 1379 768; x_wconf 91' lang='lat' dir='ltr'>et</span> <span class='ocrx_word' id='word_1_27' title='bbox 1399 693 1538 771; x_wconf 70' lang='lat' dir='ltr'>Parum</span> 
     </span>
    </p>
   </div>
   <div class='ocr_carea' id='block_1_3' title="bbox 735 905 975 988">
    <p class='ocr_par' dir='ltr' id='par_1_3' title="bbox 735 905 975 988">
     <span class='ocr_line' id='line_1_4' title="bbox 735 905 975 988; baseline 0.004 -1"><span class='ocrx_word' id='word_1_28' title='bbox 735 905 811 987; x_wconf 79' lang='lat' dir='ltr'>Au</span> <span class='ocrx_word' id='word_1_29' title='bbox 832 906 975 988; x_wconf 77' lang='lat'>120³.</span> 
     </span>
    </p>
   </div>
   <div class='ocr_carea' id='block_1_4' title="bbox 151 1053 1542 1800">
    <p class='ocr_par' dir='ltr' id='par_1_4' title="bbox 261 1053 1152 1150">
     <span class='ocr_line' id='line_1_5' title="bbox 261 1053 1152 1150; baseline -0.004 -1"><span class='ocrx_word' id='word_1_30' title='bbox 261 1075 463 1150; x_wconf 83' lang='lat' dir='ltr'>Decretum</span> <span class='ocrx_word' id='word_1_31' title='bbox 482 1072 553 1148; x_wconf 90' lang='lat' dir='ltr'>hcc</span> <span class='ocrx_word' id='word_1_32' title='bbox 572 1073 687 1148; x_wconf 89' lang='lat' dir='ltr'>latum</span> <span class='ocrx_word' id='word_1_33' title='bbox 706 1053 782 1147; x_wconf 68' lang='lat' dir='ltr'>furt</span> <span class='ocrx_word' id='word_1_34' title='bbox 794 1060 894 1147; x_wconf 75' lang='lat' dir='ltr'>drino</span> <span class='ocrx_word' id='word_1_35' title='bbox 917 1053 1003 1146; x_wconf 68' lang='lat'>4³75.</span> <span class='ocrx_word' id='word_1_36' title='bbox 1025 1097 1056 1146; x_wconf 85' lang='lat' dir='ltr'>a.</span> <span class='ocrx_word' id='word_1_37' title='bbox 1077 1072 1152 1148; x_wconf 82' lang='lat' dir='ltr'>Oh.</span> 
     </span>
    </p>

    <p class='ocr_par' dir='ltr' id='par_1_5' title="bbox 151 1196 1542 1800">
     <span class='ocr_line' id='line_1_6' title="bbox 260 1196 1538 1298; baseline -0.002 -24"><span class='ocrx_word' id='word_1_38' title='bbox 260 1196 527 1298; x_wconf 77' lang='lat' dir='ltr'>Thucydid.</span> <span class='ocrx_word' id='word_1_39' title='bbox 548 1199 577 1293; x_wconf 90' lang='lat' dir='ltr'>I,</span> <span class='ocrx_word' id='word_1_40' title='bbox 599 1199 669 1272; x_wconf 81' lang='lat'>96:</span> <span class='ocrx_word' id='word_1_41' title='bbox 699 1196 944 1274; x_wconf 82' lang='lat' dir='ltr'>Athenienses</span> <span class='ocrx_word' id='word_1_42' title='bbox 963 1199 1072 1274; x_wconf 90' lang='lat' dir='ltr'>sociis</span> <span class='ocrx_word' id='word_1_43' title='bbox 1091 1198 1343 1274; x_wconf 87' lang='lat' dir='ltr'>volentibus</span> <span class='ocrx_word' id='word_1_44' title='bbox 1366 1207 1538 1274; x_wconf 85' lang='lat' dir='ltr'>statuerunt</span> 
     </span>
     <span class='ocr_line' id='line_1_7' title="bbox 153 1323 1539 1423; baseline 0.002 -24"><span class='ocrx_word' id='word_1_45' title='bbox 153 1324 327 1422; x_wconf 85' lang='lat' dir='ltr'>aquibus</span> <span class='ocrx_word' id='word_1_46' title='bbox 348 1324 501 1399; x_wconf 80' lang='lat' dir='ltr'>urbibus</span> <span class='ocrx_word' id='word_1_47' title='bbox 528 1324 723 1423; x_wconf 87' lang='lat' dir='ltr'>pecunias,</span> <span class='ocrx_word' id='word_1_48' title='bbox 754 1336 791 1397; x_wconf 90' lang='lat' dir='ltr'>et</span> <span class='ocrx_word' id='word_1_49' title='bbox 809 1351 832 1398; x_wconf 84' lang='lat' dir='ltr'>u</span> <span class='ocrx_word' id='word_1_50' title='bbox 851 1323 985 1421; x_wconf 86' lang='lat' dir='ltr'>quibus</span> <span class='ocrx_word' id='word_1_51' title='bbox 1004 1347 1123 1397; x_wconf 87' lang='lat' dir='ltr'>naves</span> <span class='ocrx_word' id='word_1_52' title='bbox 1147 1323 1364 1399; x_wconf 89' lang='lat' dir='ltr'>adversus</span> <span class='ocrx_word' id='word_1_53' title='bbox 1386 1324 1539 1402; x_wconf 70' lang='lat' dir='ltr'>barbam</span> 
     </span>
     <span class='ocr_line' id='line_1_8' title="bbox 152 1447 1540 1550; baseline 0.001 -26"><span class='ocrx_word' id='word_1_54' title='bbox 152 1448 324 1549; x_wconf 79' lang='lat' dir='ltr'>praeberi</span> <span class='ocrx_word' id='word_1_55' title='bbox 345 1459 542 1550; x_wconf 83' lang='lat' dir='ltr'>oporteret.</span> <span class='ocrx_word' id='word_1_56' title='bbox 577 1449 625 1523; x_wconf 83' lang='lat' dir='ltr'>Et</span> <span class='ocrx_word' id='word_1_57' title='bbox 645 1460 735 1524; x_wconf 90' lang='lat' dir='ltr'>tunc</span> <span class='ocrx_word' id='word_1_58' title='bbox 753 1448 914 1548; x_wconf 91' lang='lat' dir='ltr'>primum</span> <span class='ocrx_word' id='word_1_59' title='bbox 934 1447 1033 1548; x_wconf 84' lang='lat' dir='ltr'>apud</span> <span class='ocrx_word' id='word_1_60' title='bbox 1055 1447 1338 1526; x_wconf 77' lang='lat' dir='ltr'>Athenienses</span> <span class='ocrx_word' id='word_1_61' title='bbox 1361 1452 1540 1526; x_wconf 77' lang='lat' dir='ltr'>eonstuu</span> 
     </span>
     <span class='ocr_line' id='line_1_9' title="bbox 153 1562 1540 1676; baseline 0.003 -28"><span class='ocrx_word' id='word_1_62' title='bbox 153 1586 209 1650; x_wconf 90' lang='lat' dir='ltr'>est</span> <span class='ocrx_word' id='word_1_63' title='bbox 227 1575 463 1673; x_wconf 81' lang='lat' dir='ltr'>magistratus</span> <span class='ocrx_word' id='word_1_64' title='bbox 483 1573 730 1666; x_wconf 82' lang='lat' dir='ltr'>Quaestorum</span> <span class='ocrx_word' id='word_1_65' title='bbox 751 1572 933 1649; x_wconf 78' lang='lat' dir='ltr'>Graeciae</span> <span class='ocrx_word' id='word_1_66' title='bbox 955 1562 1356 1668; x_wconf 76' lang='grc' dir='ltr'>(Ἔλληνοταμιάι),</span> <span class='ocrx_word' id='word_1_67' title='bbox 1388 1578 1453 1676; x_wconf 87' lang='lat' dir='ltr'>qui</span> <span class='ocrx_word' id='word_1_68' title='bbox 1469 1578 1540 1652; x_wconf 81' lang='lat' dir='ltr'>tribu</span> 
     </span>
     <span class='ocr_line' id='line_1_10' title="bbox 151 1690 1542 1800; baseline 0.001 -27"><span class='ocrx_word' id='word_1_69' title='bbox 151 1710 230 1773; x_wconf 94' lang='lat' dir='ltr'>tum</span> <span class='ocrx_word' id='word_1_70' title='bbox 248 1698 487 1800; x_wconf 89' lang='lat' dir='ltr'>recipiebant.</span> <span class='ocrx_word' id='word_1_71' title='bbox 527 1698 691 1774; x_wconf 82' lang='lat' dir='ltr'>Primum</span> <span class='ocrx_word' id='word_1_72' title='bbox 720 1690 848 1774; x_wconf 64' lang='lat' dir='ltr'>aliterd</span> <span class='ocrx_word' id='word_1_73' title='bbox 874 1697 1053 1773; x_wconf 68' lang='lat' dir='ltr'>tn&#39;llutum</span> <span class='ocrx_word' id='word_1_74' title='bbox 1081 1711 1168 1774; x_wconf 87' lang='lat' dir='ltr'>erat</span> <span class='ocrx_word' id='word_1_75' title='bbox 1189 1701 1542 1800; x_wconf 79' lang='lat' dir='ltr'>quadringentorum</span> 
     </span>
    </p>
   </div>
   <div class='ocr_carea' id='block_1_5' title="bbox 152 1825 1543 2051">
    <p class='ocr_par' dir='ltr' id='par_1_6' title="bbox 152 1825 1543 2051">
     <span class='ocr_line' id='line_1_11' title="bbox 152 1825 1543 1922; baseline 0.001 -23"><span class='ocrx_word' id='word_1_76' title='bbox 152 1835 188 1899; x_wconf 89' lang='lat' dir='ltr'>et</span> <span class='ocrx_word' id='word_1_77' title='bbox 206 1825 401 1922; x_wconf 81' lang='lat' dir='ltr'>sexaginta</span> <span class='ocrx_word' id='word_1_78' title='bbox 428 1825 663 1900; x_wconf 86' lang='lat' dir='ltr'>talentorum.</span> <span class='ocrx_word' id='word_1_79' title='bbox 703 1825 842 1900; x_wconf 83' lang='lat' dir='ltr'>Eorum</span> <span class='ocrx_word' id='word_1_80' title='bbox 871 1850 959 1901; x_wconf 88' lang='lat' dir='ltr'>vero</span> <span class='ocrx_word' id='word_1_81' title='bbox 980 1827 1172 1901; x_wconf 85' lang='lat' dir='ltr'>aerarium</span> <span class='ocrx_word' id='word_1_82' title='bbox 1194 1826 1282 1902; x_wconf 86' lang='lat' dir='ltr'>fuit</span> <span class='ocrx_word' id='word_1_83' title='bbox 1311 1827 1463 1922; x_wconf 82' lang='lat' dir='ltr'>Delos,</span> <span class='ocrx_word' id='word_1_84' title='bbox 1489 1829 1543 1903; x_wconf 81' lang='lat' dir='ltr'>etii</span> 
     </span>
     <span class='ocr_line' id='line_1_12' title="bbox 153 1949 791 2051; baseline 0 -29"><span class='ocrx_word' id='word_1_85' title='bbox 153 1950 233 2049; x_wconf 82' lang='lat' dir='ltr'>ejus</span> <span class='ocrx_word' id='word_1_86' title='bbox 252 1949 394 2051; x_wconf 88' lang='lat' dir='ltr'>templo</span> <span class='ocrx_word' id='word_1_87' title='bbox 414 1958 622 2025; x_wconf 88' lang='lat' dir='ltr'>conventus</span> <span class='ocrx_word' id='word_1_88' title='bbox 642 1950 791 2025; x_wconf 88' lang='lat' dir='ltr'>fiebant.</span> 
     </span>
    </p>
   </div>
   <div class='ocr_carea' id='block_1_6' title="bbox 721 2159 964 2243">
    <p class='ocr_par' dir='ltr' id='par_1_7' title="bbox 721 2159 964 2243">
     <span class='ocr_line' id='line_1_13' title="bbox 721 2159 964 2243; baseline -0.004 0"><span class='ocrx_word' id='word_1_89' title='bbox 721 2159 797 2243; x_wconf 78' lang='lat' dir='ltr'>Au</span> <span class='ocrx_word' id='word_1_90' title='bbox 820 2161 964 2242; x_wconf 77' lang='lat'>1204.</span> 
     </span>
    </p>
   </div>
   <div class='ocr_carea' id='block_1_7' title="bbox 152 2324 1547 2558">
    <p class='ocr_par' dir='ltr' id='par_1_8' title="bbox 152 2324 1547 2558">
     <span class='ocr_line' id='line_1_14' title="bbox 261 2324 1547 2425; baseline 0.001 -22"><span class='ocrx_word' id='word_1_91' title='bbox 261 2327 369 2404; x_wconf 92' lang='lat' dir='ltr'>Anno</span> <span class='ocrx_word' id='word_1_92' title='bbox 389 2326 465 2400; x_wconf 82' lang='lat'>377</span> <span class='ocrx_word' id='word_1_93' title='bbox 486 2352 517 2398; x_wconf 86' lang='lat' dir='ltr'>n.</span> <span class='ocrx_word' id='word_1_94' title='bbox 540 2324 619 2417; x_wconf 85' lang='lat' dir='ltr'>Oh,</span> <span class='ocrx_word' id='word_1_95' title='bbox 650 2352 764 2425; x_wconf 91' lang='lat' dir='ltr'>quum</span> <span class='ocrx_word' id='word_1_96' title='bbox 784 2327 833 2400; x_wconf 92' lang='lat' dir='ltr'>ob</span> <span class='ocrx_word' id='word_1_97' title='bbox 860 2327 1053 2402; x_wconf 89' lang='lat' dir='ltr'>molestam</span> <span class='ocrx_word' id='word_1_98' title='bbox 1073 2325 1496 2410; x_wconf 76' lang='lat' dir='ltr'>Lacedaemoniorum</span> <span class='ocrx_word' id='word_1_99' title='bbox 1510 2332 1547 2406; x_wconf 78' lang='lat' dir='ltr'>do</span> 
     </span>
     <span class='ocr_line' id='line_1_15' title="bbox 152 2449 1509 2558; baseline 0.006 -32"><span class='ocrx_word' id='word_1_100' title='bbox 152 2452 412 2544; x_wconf 87' lang='lat' dir='ltr'>minationem,</span> <span class='ocrx_word' id='word_1_101' title='bbox 433 2452 556 2551; x_wconf 91' lang='lat' dir='ltr'>plures</span> <span class='ocrx_word' id='word_1_102' title='bbox 577 2476 704 2525; x_wconf 89' lang='lat' dir='ltr'>eorum</span> <span class='ocrx_word' id='word_1_103' title='bbox 722 2452 813 2525; x_wconf 89' lang='lat' dir='ltr'>socii</span> <span class='ocrx_word' id='word_1_104' title='bbox 833 2449 881 2527; x_wconf 91' lang='lat' dir='ltr'>ad</span> <span class='ocrx_word' id='word_1_105' title='bbox 901 2450 1152 2529; x_wconf 84' lang='lat' dir='ltr'>Athenienses</span> <span class='ocrx_word' id='word_1_106' title='bbox 1176 2479 1221 2530; x_wconf 90' lang='lat' dir='ltr'>se</span> <span class='ocrx_word' id='word_1_107' title='bbox 1245 2459 1509 2558; x_wconf 83' lang='lat' dir='ltr'>applicarunt</span> 
     </span>
    </p>
   </div>
   <div class='ocr_carea' id='block_1_8' title="bbox 720 2647 968 2744">
    <p class='ocr_par' dir='ltr' id='par_1_9' title="bbox 720 2647 968 2744">
     <span class='ocr_line' id='line_1_16' title="bbox 720 2647 968 2744; baseline -0.008 0"><span class='ocrx_word' id='word_1_108' title='bbox 720 2660 796 2744; x_wconf 76' lang='lat' dir='ltr'>An</span> <span class='ocrx_word' id='word_1_109' title='bbox 825 2647 968 2743; x_wconf 75' lang='lat' dir='ltr'>isos.</span> 
     </span>
    </p>
   </div>
   <div class='ocr_carea' id='block_1_9' title="bbox 152 2827 1553 3295">
    <p class='ocr_par' dir='ltr' id='par_1_10' title="bbox 152 2827 1551 3030">
     <span class='ocr_line' id='line_1_17' title="bbox 257 2827 1551 2939; baseline 0.004 -34"><span class='ocrx_word' id='word_1_110' title='bbox 257 2830 314 2906; x_wconf 83' lang='lat' dir='ltr'>Ita</span> <span class='ocrx_word' id='word_1_111' title='bbox 332 2839 587 2905; x_wconf 88' lang='lat' dir='ltr'>convenerunt</span> <span class='ocrx_word' id='word_1_112' title='bbox 607 2829 696 2905; x_wconf 81' lang='lat' dir='ltr'>socii</span> <span class='ocrx_word' id='word_1_113' title='bbox 717 2839 838 2905; x_wconf 82' lang='lat' dir='ltr'>aetate</span> <span class='ocrx_word' id='word_1_114' title='bbox 857 2827 1047 2904; x_wconf 81' lang='lat' dir='ltr'>Nausinici</span> <span class='ocrx_word' id='word_1_115' title='bbox 1067 2829 1305 2926; x_wconf 66' lang='lat' dir='ltr'>nubentis,</span> <span class='ocrx_word' id='word_1_116' title='bbox 1329 2837 1476 2939; x_wconf 89' lang='lat' dir='ltr'>olymp.</span> <span class='ocrx_word' id='word_1_117' title='bbox 1494 2837 1551 2910; x_wconf 84' lang='lat'>100.</span> 
     </span>
     <span class='ocr_line' id='line_1_18' title="bbox 152 2952 450 3030; baseline -0.007 -2"><span class='ocrx_word' id='word_1_118' title='bbox 152 2953 310 3028; x_wconf 60' lang='lat'>32378</span> <span class='ocrx_word' id='word_1_119' title='bbox 329 2980 360 3029; x_wconf 85' lang='lat' dir='ltr'>s.</span> <span class='ocrx_word' id='word_1_120' title='bbox 382 2952 450 3030; x_wconf 87' lang='lat' dir='ltr'>Ch.</span> 
     </span>
    </p>

    <p class='ocr_par' dir='ltr' id='par_1_11' title="bbox 153 3073 1553 3295">
     <span class='ocr_line' id='line_1_19' title="bbox 257 3073 1553 3178; baseline 0.001 -21"><span class='ocrx_word' id='word_1_121' title='bbox 257 3080 521 3178; x_wconf 85' lang='lat' dir='ltr'>Inscriptiones</span> <span class='ocrx_word' id='word_1_122' title='bbox 551 3078 618 3153; x_wconf 80' lang='lat' dir='ltr'>has</span> <span class='ocrx_word' id='word_1_123' title='bbox 648 3077 845 3153; x_wconf 80' lang='lat' dir='ltr'>ediderrmt</span> <span class='ocrx_word' id='word_1_124' title='bbox 874 3079 944 3152; x_wconf 86' lang='lat' dir='ltr'>viri</span> <span class='ocrx_word' id='word_1_125' title='bbox 974 3073 1157 3154; x_wconf 81' lang='lat' dir='ltr'>Graeciae</span> <span class='ocrx_word' id='word_1_126' title='bbox 1192 3081 1454 3166; x_wconf 85' lang='lat' dir='ltr'>doctissimi:</span> <span class='ocrx_word' id='word_1_127' title='bbox 1481 3089 1516 3166; x_wconf 85' lang='lat' dir='ltr'>O.</span> <span class='ocrx_word' id='word_1_128' title='bbox 1530 3087 1553 3161; x_wconf 79' lang='lat' dir='ltr'>t.</span> 
     </span>
     <span class='ocr_line' id='line_1_20' title="bbox 153 3200 1012 3295; baseline -0.003 -16"><span class='ocrx_word' id='word_1_129' title='bbox 153 3204 336 3291; x_wconf 83' lang='lat' dir='ltr'>Pittsces,</span> <span class='ocrx_word' id='word_1_130' title='bbox 365 3204 411 3277; x_wconf 94' lang='lat' dir='ltr'>D.</span> <span class='ocrx_word' id='word_1_131' title='bbox 433 3200 656 3295; x_wconf 75' lang='lat' dir='ltr'>charames,</span> <span class='ocrx_word' id='word_1_132' title='bbox 687 3203 727 3277; x_wconf 88' lang='lat' dir='ltr'>P.</span> <span class='ocrx_word' id='word_1_133' title='bbox 749 3202 1012 3278; x_wconf 80' lang='lat' dir='ltr'>Eustretiades.</span> 
     </span>
    </p>
   </div>
   <div class='ocr_carea' id='block_1_10' title="bbox 146 3337 1553 3712">
    <p class='ocr_par' dir='ltr' id='par_1_12' title="bbox 146 3337 1553 3712">
     <span class='ocr_line' id='line_1_21' title="bbox 256 3337 1553 3459; baseline -0.004 -38"><span class='ocrx_word' id='word_1_134' title='bbox 256 3346 410 3423; x_wconf 85' lang='lat' dir='ltr'>Diodor.</span> <span class='ocrx_word' id='word_1_135' title='bbox 439 3345 551 3422; x_wconf 86' lang='lat' dir='ltr'>Sicul.</span> <span class='ocrx_word' id='word_1_136' title='bbox 581 3347 663 3435; x_wconf 73' lang='lat' dir='ltr'>XV,</span> <span class='ocrx_word' id='word_1_137' title='bbox 694 3348 764 3421; x_wconf 82' lang='lat'>29:</span> <span class='ocrx_word' id='word_1_138' title='bbox 796 3345 832 3459; x_wconf 84' lang='lat' dir='ltr'>oi</span> <span class='ocrx_word' id='word_1_139' title='bbox 856 3337 1066 3434; x_wconf 76' lang='grc' dir='ltr'>Ἀθηναῖοι</span> <span class='ocrx_word' id='word_1_140' title='bbox 1096 3404 1166 3420; x_wconf 94' lang='grc'>...</span> <span class='ocrx_word' id='word_1_141' title='bbox 1194 3409 1202 3424; x_wconf 88' lang='grc'><em>,</em></span> <span class='ocrx_word' id='word_1_142' title='bbox 1234 3349 1385 3447; x_wconf 62' lang='grc' dir='ltr'>νόμω</span> <span class='ocrx_word' id='word_1_143' title='bbox 1416 3359 1553 3442; x_wconf 55' lang='grc' dir='ltr'>ἔθεντο,</span> 
     </span>
     <span class='ocr_line' id='line_1_22' title="bbox 146 3460 1552 3575; baseline -0.002 -32"><span class='ocrx_word' id='word_1_144' title='bbox 146 3467 291 3566; x_wconf 73' lang='grc' dir='ltr'><em>μηδένα</em></span> <span class='ocrx_word' id='word_1_145' title='bbox 309 3467 387 3543; x_wconf 73' lang='grc' dir='ltr'>τῶν</span> <span class='ocrx_word' id='word_1_146' title='bbox 410 3464 638 3558; x_wconf 78' lang='grc' dir='ltr'>Ἀθηναίων</span> <span class='ocrx_word' id='word_1_147' title='bbox 656 3460 838 3572; x_wconf 66' lang='grc' dir='ltr'>γεωργὲῖι)</span> <span class='ocrx_word' id='word_1_148' title='bbox 856 3460 968 3556; x_wconf 61' lang='lat' dir='ltr'>exibe</span> <span class='ocrx_word' id='word_1_149' title='bbox 988 3470 1052 3558; x_wconf 75' lang='grc' dir='ltr'>τῆς</span> <span class='ocrx_word' id='word_1_150' title='bbox 1077 3465 1294 3566; x_wconf 77' lang='grc' dir='ltr'>Ἀττικῆς,</span> <span class='ocrx_word' id='word_1_151' title='bbox 1343 3486 1552 3575; x_wconf 62' lang='lat' dir='ltr'>(Athenien.</span> 
     </span>
     <span class='ocr_line' id='line_1_23' title="bbox 150 3598 1553 3712; baseline 0.011 -41"><span class='ocrx_word' id='word_1_152' title='bbox 150 3623 209 3673; x_wconf 89' lang='lat' dir='ltr'>ses</span> <span class='ocrx_word' id='word_1_153' title='bbox 227 3599 350 3695; x_wconf 84' lang='lat' dir='ltr'>legem</span> <span class='ocrx_word' id='word_1_154' title='bbox 371 3598 554 3690; x_wconf 88' lang='lat' dir='ltr'>tulerunt,</span> <span class='ocrx_word' id='word_1_155' title='bbox 576 3609 617 3672; x_wconf 92' lang='lat' dir='ltr'>ut</span> <span class='ocrx_word' id='word_1_156' title='bbox 637 3598 916 3675; x_wconf 84' lang='lat' dir='ltr'>Atheniensium</span> <span class='ocrx_word' id='word_1_157' title='bbox 935 3622 1046 3674; x_wconf 88' lang='lat' dir='ltr'>nemo</span> <span class='ocrx_word' id='word_1_158' title='bbox 1064 3610 1175 3674; x_wconf 77' lang='lat' dir='ltr'>extre</span> <span class='ocrx_word' id='word_1_159' title='bbox 1198 3600 1392 3684; x_wconf 85' lang='lat' dir='ltr'>Atticam</span> <span class='ocrx_word' id='word_1_160' title='bbox 1413 3615 1493 3712; x_wconf 86' lang='lat' dir='ltr'>agri</span> <span class='ocrx_word' id='word_1_161' title='bbox 1511 3638 1553 3686; x_wconf 87' lang='lat' dir='ltr'>cc-</span> 
     </span>
    </p>
   </div>
   <div class='ocr_carea' id='block_1_11' title="bbox 149 3722 952 3910">
    <p class='ocr_par' dir='ltr' id='par_1_13' title="bbox 149 3722 952 3910">
     <span class='ocr_line' id='line_1_24' title="bbox 149 3722 952 3910; baseline 0.001 -112"><span class='ocrx_word' id='word_1_162' title='bbox 149 3722 248 3798; x_wconf 87' lang='lat' dir='ltr'>lendi</span> <span class='ocrx_word' id='word_1_163' title='bbox 261 3727 325 3824; x_wconf 88' lang='lat' dir='ltr'>jus</span> <span class='ocrx_word' id='word_1_164' title='bbox 347 3723 534 3819; x_wconf 87' lang='lat' dir='ltr'>haberet.)</span> <span class='ocrx_word' id='word_1_165' title='bbox 728 3826 804 3907; x_wconf 65' lang='lat' dir='ltr'>M</span> <span class='ocrx_word' id='word_1_166' title='bbox 824 3828 952 3910; x_wconf 67' lang='lat' dir='ltr'>lm</span> 
     </span>
    </p>
   </div>
   <div class='ocr_carea' id='block_1_12' title="bbox 150 3992 1553 4233">
    <p class='ocr_par' dir='ltr' id='par_1_14' title="bbox 150 3992 1553 4233">
     <span class='ocr_line' id='line_1_25' title="bbox 255 3992 1553 4100; baseline 0.009 -34"><span class='ocrx_word' id='word_1_167' title='bbox 255 3992 472 4068; x_wconf 84' lang='lat' dir='ltr'>Jurisdiotio</span> <span class='ocrx_word' id='word_1_168' title='bbox 493 4004 615 4067; x_wconf 82' lang='lat' dir='ltr'>tumen</span> <span class='ocrx_word' id='word_1_169' title='bbox 637 3992 727 4068; x_wconf 88' lang='lat' dir='ltr'>haec</span> <span class='ocrx_word' id='word_1_170' title='bbox 747 3992 977 4069; x_wconf 90' lang='lat' dir='ltr'>solummodo</span> <span class='ocrx_word' id='word_1_171' title='bbox 995 3993 1173 4070; x_wconf 88' lang='lat' dir='ltr'>decausis</span> <span class='ocrx_word' id='word_1_172' title='bbox 1195 4003 1371 4100; x_wconf 84' lang='lat' dir='ltr'>majoris</span> <span class='ocrx_word' id='word_1_173' title='bbox 1393 4006 1553 4082; x_wconf 76' lang='lat' dir='ltr'>moment}</span> 
     </span>
     <span class='ocr_line' id='line_1_26' title="bbox 150 4094 1553 4233; baseline 0.009 -46"><span class='ocrx_word' id='word_1_174' title='bbox 150 4129 205 4190; x_wconf 83' lang='lat' dir='ltr'>est</span> <span class='ocrx_word' id='word_1_175' title='bbox 224 4118 477 4214; x_wconf 87' lang='lat' dir='ltr'>intelligenda.</span> <span class='ocrx_word' id='word_1_176' title='bbox 507 4116 563 4193; x_wconf 82' lang='lat' dir='ltr'>Of.</span> <span class='ocrx_word' id='word_1_177' title='bbox 585 4094 826 4194; x_wconf 78' lang='lat' dir='ltr'>Boeclhii</span> <span class='ocrx_word' id='word_1_178' title='bbox 846 4110 984 4195; x_wconf 79' lang='lat' dir='ltr'>Oecdh.</span> <span class='ocrx_word' id='word_1_179' title='bbox 1006 4119 1106 4219; x_wconf 92' lang='lat' dir='ltr'>publ.</span> <span class='ocrx_word' id='word_1_180' title='bbox 1128 4119 1221 4198; x_wconf 91' lang='lat' dir='ltr'>Ath.</span> <span class='ocrx_word' id='word_1_181' title='bbox 1248 4126 1375 4207; x_wconf 82' lang='lat' dir='ltr'>Tem.</span> <span class='ocrx_word' id='word_1_182' title='bbox 1388 4134 1419 4208; x_wconf 89' lang='lat'>1.</span> <span class='ocrx_word' id='word_1_183' title='bbox 1437 4159 1471 4233; x_wconf 92' lang='lat' dir='ltr'>p.</span> <span class='ocrx_word' id='word_1_184' title='bbox 1485 4134 1553 4206; x_wconf 77' lang='lat'>53¹.</span> 
     </span>
    </p>
   </div>
   <div class='ocr_carea' id='block_1_13' title="bbox 726 4330 958 4415">
    <p class='ocr_par' dir='ltr' id='par_1_15' title="bbox 726 4330 958 4415">
     <span class='ocr_line' id='line_1_27' title="bbox 726 4330 958 4415; baseline 0.004 -1"><span class='ocrx_word' id='word_1_185' title='bbox 726 4330 802 4414; x_wconf 77' lang='lat' dir='ltr'>Au</span> <span class='ocrx_word' id='word_1_186' title='bbox 825 4334 958 4415; x_wconf 77' lang='lat'>1³01.</span> 
     </span>
    </p>
   </div>
   <div class='ocr_carea' id='block_1_14' title="bbox 146 4491 1554 5234">
    <p class='ocr_par' dir='ltr' id='par_1_16' title="bbox 149 4491 1553 4722">
     <span class='ocr_line' id='line_1_28' title="bbox 257 4491 1553 4593; baseline 0.011 -22"><span class='ocrx_word' id='word_1_187' title='bbox 257 4492 337 4571; x_wconf 89' lang='lat' dir='ltr'>Hoc</span> <span class='ocrx_word' id='word_1_188' title='bbox 358 4491 496 4571; x_wconf 86' lang='lat' dir='ltr'>factum</span> <span class='ocrx_word' id='word_1_189' title='bbox 517 4505 572 4571; x_wconf 90' lang='lat' dir='ltr'>est</span> <span class='ocrx_word' id='word_1_190' title='bbox 592 4520 611 4571; x_wconf 92' lang='lat' dir='ltr'>e</span> <span class='ocrx_word' id='word_1_191' title='bbox 630 4499 954 4574; x_wconf 85' lang='lat' dir='ltr'>senatusconsulto</span> <span class='ocrx_word' id='word_1_192' title='bbox 975 4496 1268 4593; x_wconf 85' lang='lat' dir='ltr'>Romanorum,</span> <span class='ocrx_word' id='word_1_193' title='bbox 1302 4531 1418 4586; x_wconf 85' lang='lat' dir='ltr'>anno</span> <span class='ocrx_word' id='word_1_194' title='bbox 1443 4512 1513 4584; x_wconf 84' lang='lat'>196</span> <span class='ocrx_word' id='word_1_195' title='bbox 1529 4536 1553 4582; x_wconf 82' lang='lat' dir='ltr'>u.</span> 
     </span>
     <span class='ocr_line' id='line_1_29' title="bbox 149 4617 775 4722; baseline 0.002 -27"><span class='ocrx_word' id='word_1_196' title='bbox 149 4617 215 4695; x_wconf 85' lang='lat' dir='ltr'>Ch.</span> <span class='ocrx_word' id='word_1_197' title='bbox 237 4631 323 4720; x_wconf 90' lang='lat' dir='ltr'>post</span> <span class='ocrx_word' id='word_1_198' title='bbox 342 4620 528 4696; x_wconf 87' lang='lat' dir='ltr'>devictum</span> <span class='ocrx_word' id='word_1_199' title='bbox 548 4619 775 4722; x_wconf 87' lang='lat' dir='ltr'>Philippum.</span> 
     </span>
    </p>

    <p class='ocr_par' dir='ltr' id='par_1_17' title="bbox 146 4736 1554 5234">
     <span class='ocr_line' id='line_1_30' title="bbox 256 4736 1553 4843; baseline 0.015 -24"><span class='ocrx_word' id='word_1_200' title='bbox 256 4736 459 4821; x_wconf 76' lang='lat' dir='ltr'>Flaminius</span> <span class='ocrx_word' id='word_1_201' title='bbox 488 4745 718 4824; x_wconf 83' lang='lat' dir='ltr'>Grue&#39;corum</span> <span class='ocrx_word' id='word_1_202' title='bbox 747 4764 934 4827; x_wconf 87' lang='lat' dir='ltr'>conventu</span> <span class='ocrx_word' id='word_1_203' title='bbox 962 4750 1081 4827; x_wconf 89' lang='lat' dir='ltr'>edicto</span> <span class='ocrx_word' id='word_1_204' title='bbox 1114 4752 1325 4839; x_wconf 87' lang='lat' dir='ltr'>orditura</span> <span class='ocrx_word' id='word_1_205' title='bbox 1359 4767 1553 4843; x_wconf 80' lang='lat' dir='ltr'>beneficiis.</span> 
     </span>
     <span class='ocr_line' id='line_1_31' title="bbox 148 4870 1553 4980; baseline 0.01 -32"><span class='ocrx_word' id='word_1_206' title='bbox 148 4896 242 4972; x_wconf 87' lang='lat' dir='ltr'>quae</span> <span class='ocrx_word' id='word_1_207' title='bbox 272 4870 429 4948; x_wconf 84' lang='lat' dir='ltr'>Romani</span> <span class='ocrx_word' id='word_1_208' title='bbox 457 4874 493 4946; x_wconf 89' lang='lat' dir='ltr'>in</span> <span class='ocrx_word' id='word_1_209' title='bbox 515 4870 681 4951; x_wconf 81' lang='lat' dir='ltr'>Graecos</span> <span class='ocrx_word' id='word_1_210' title='bbox 711 4877 971 4968; x_wconf 74' lang='lat' dir='ltr'>contulissent,</span> <span class='ocrx_word' id='word_1_211' title='bbox 1004 4889 1040 4951; x_wconf 88' lang='lat' dir='ltr'>et</span> <span class='ocrx_word' id='word_1_212' title='bbox 1068 4876 1279 4980; x_wconf 83' lang='lat' dir='ltr'>subjungit</span> <span class='ocrx_word' id='word_1_213' title='bbox 1302 4888 1553 4969; x_wconf 78' lang='lat' dir='ltr'>Romanorum</span> 
     </span>
     <span class='ocr_line' id='line_1_32' title="bbox 146 4997 1554 5111; baseline 0.009 -39"><span class='ocrx_word' id='word_1_214' title='bbox 146 4998 326 5099; x_wconf 91' lang='lat' dir='ltr'>populum</span> <span class='ocrx_word' id='word_1_215' title='bbox 347 5024 475 5075; x_wconf 87' lang='lat' dir='ltr'>omncs</span> <span class='ocrx_word' id='word_1_216' title='bbox 496 4997 693 5074; x_wconf 84' lang='lat' dir='ltr'>Graeciam</span> <span class='ocrx_word' id='word_1_217' title='bbox 713 5001 917 5078; x_wconf 86' lang='lat' dir='ltr'>incolentes</span> <span class='ocrx_word' id='word_1_218' title='bbox 947 5001 1104 5095; x_wconf 83' lang='lat' dir='ltr'>liberos,</span> <span class='ocrx_word' id='word_1_219' title='bbox 1135 5005 1222 5083; x_wconf 87' lang='lat' dir='ltr'>sine</span> <span class='ocrx_word' id='word_1_220' title='bbox 1246 5019 1454 5111; x_wconf 74' lang='lat' dir='ltr'>praesidio</span> <span class='ocrx_word' id='word_1_221' title='bbox 1475 5046 1554 5095; x_wconf 67' lang='lat' dir='ltr'>esse.</span> 
     </span>
     <span class='ocr_line' id='line_1_33' title="bbox 146 5118 1551 5234; baseline 0.012 -35"><span class='ocrx_word' id='word_1_222' title='bbox 146 5124 202 5218; x_wconf 82' lang='lat' dir='ltr'>et,</span> <span class='ocrx_word' id='word_1_223' title='bbox 230 5118 329 5225; x_wconf 83' lang='lat' dir='ltr'>qiiod</span> <span class='ocrx_word' id='word_1_224' title='bbox 348 5125 610 5224; x_wconf 84' lang='lat' dir='ltr'>praecipuum,</span> <span class='ocrx_word' id='word_1_225' title='bbox 642 5127 715 5201; x_wconf 91' lang='lat' dir='ltr'>suis</span> <span class='ocrx_word' id='word_1_226' title='bbox 744 5129 910 5229; x_wconf 88' lang='lat' dir='ltr'>ipsorum</span> <span class='ocrx_word' id='word_1_227' title='bbox 940 5127 1083 5224; x_wconf 87' lang='lat' dir='ltr'>legibus</span> <span class='ocrx_word' id='word_1_228' title='bbox 1103 5133 1190 5227; x_wconf 82' lang='lat' dir='ltr'>regi</span> <span class='ocrx_word' id='word_1_229' title='bbox 1203 5135 1372 5234; x_wconf 88' lang='lat' dir='ltr'>jubere.</span> <span class='ocrx_word' id='word_1_230' title='bbox 1416 5148 1487 5222; x_wconf 85' lang='lat' dir='ltr'>Pro</span> <span class='ocrx_word' id='word_1_231' title='bbox 1506 5147 1551 5219; x_wconf 85' lang='lat' dir='ltr'>his</span> 
     </span>
    </p>
   </div>
   <div class='ocr_carea' id='block_1_15' title="bbox 0 0 1707 5782">
    <p class='ocr_par' dir='ltr' id='par_1_18' title="bbox 0 0 1707 5782">
     <span class='ocr_line' id='line_1_34' title="bbox 0 0 1707 5782; baseline 0 0"><span class='ocrx_word' id='word_1_232' title='bbox 0 0 1707 5782; x_wconf 95' lang='lat' dir='ltr'> </span> 
     </span>
    </p>
   </div>
  </div>
 </body>
</html>
