3436 5790
730 463 810 527 ntus
837 479 986 529 ιυιιιυιι.
1474 449 1549 524 182⁸

810 669 898 743 736.

221 821 222 825 ’
268 794 491 871 Procurator
511 795 695 895 quispiam
714 806 813 870 sorte
833 794 1002 894 eligitur,
1032 796 1094 894 qui
1124 807 1262 871 stans
1290 794 1553 894 adaquant

169 929 318 995 vocatur
336 930 373 993 et
392 919 610 1021 clepsydrae
632 919 892 1019 aequalitatem
912 920 1083 996 custodit.

767 1178 882 1275 σθάι·
911 1199 1028 1276 τοῦτο
1057 1199 1091 1275 δ’
1110 1204 1235 1289 ἐστίν,
1267 1197 1314 1275 οὐ
1341 1199 1470 1300 μόνον
1499 1198 1544 1275 τὸ

161 1325 209 1426 μή
238 1331 597 1431 προκατεγνωκέναι
623 1323 763 1424 μηδὲν,
795 1323 884 1402 οὐδὲ
913 1321 958 1399 τὸ
988 1321 1060 1416 τήν
1084 1316 1247 1401 εὔνοιαν
1267 1322 1353 1417 ἴσην
1372 1322 1546 1424 ἀμφοτέ-

164 1483 238 1552 ροις
257 1449 496 1542 ἀποδοῦναι,
527 1448 624 1526 ἀλλά
645 1456 713 1527 καὶ
733 1449 776 1527 τὸ
797 1450 842 1549 τῇ
861 1448 964 1543 τάξει
994 1455 1061 1526 καί
1086 1449 1130 1548 τῇ
1160 1447 1378 1555 ἀπολογίᾳ,
1408 1443 1459 1539 οἷς
1475 1455 1547 1551 ’βε-

162 1576 344 1678 βούληται
364 1583 433 1653 καί
454 1575 652 1678 προῄρηται
674 1577 751 1653 τῶν
771 1573 1064 1683 ἀγωνιζομένων
1083 1582 1265 1665 ἕκαστος,
1296 1571 1418 1664 οὕτως
1436 1576 1549 1655 ἐᾶσαί

158 1701 389 1808 χρήσασθαι.
850 1703 1063 1799 (Demosth.
1084 1705 1129 1785 de
1147 1705 1307 1784 Corona.
1328 1695 1439 1800 226.)
1488 1696 1493 1701 ¹

805 1844 894 1926 737.

268 1979 410 2072 Eodem
428 1980 553 2059 animo
572 1990 726 2083 uterque
745 1990 802 2055 est
821 1977 1047 2070 audiendum
1076 1978 1182 2080 cujus
1203 1979 1304 2056 vocis
1325 2006 1401 2055 non
1421 1962 1467 2056 ea
1485 1956 1544 2056 εο-

161 2105 235 2180 lum
255 2105 407 2199 visent,
435 2120 484 2180 ne
504 2104 619 2180 ullum
638 2103 904 2204 praejudicinm
933 2105 1131 2196 afferatur,
1161 2132 1230 2181 nec
1260 2105 1381 2181 solum
1408 2114 1449 2180 ut
1477 2130 1546 2205 par

161 2230 302 2330 utrique
322 2229 586 2305 benevolentia
604 2230 808 2321 tribuatur,
829 2224 896 2303 sed
912 2228 976 2303 illa
996 2228 1129 2321 etiam,
1149 2240 1189 2303 ut
1208 2255 1252 2304 eo
1271 2229 1402 2305 ordine
1423 2241 1460 2303 et
1479 2229 1542 2305 de·

161 2354 339 2431 lemicnio
358 2354 489 2447 modo,
518 2381 591 2454 quo
616 2353 841 2451 litigantium
869 2352 1025 2454 quisque
1052 2354 1135 2430 vult
1152 2365 1265 2453 atque
1284 2353 1462 2450 instituit,
1491 2354 1545 2430 sic

160 2480 214 2556 uti
231 2480 477 2582 permittanu.

806 2586 895 2663 738.
979 2638 982 2642 -

267 2707 469 2787 Κελεύεται
490 2722 566 2799 τοῖς
585 2717 763 2810 κρίνουσι
783 2709 946 2816 γράφειν
966 2707 1012 2784 τά
1032 2709 1229 2805 κεφάλαια
1248 2716 1426 2806 ίκαστον.
1509 2764 1520 2793 2

807 2838 991 2940 (Hesyoh.
1013 2831 1077 2913 διά
1098 2833 1254 2914 πάντων
1272 2834 1436 2938 κριτής.)
1470 2894 1473 2900 ,
1527 2823 1554 2913 s

808 3001 896 3077 738.

265 3128 498 3230 Praecipitur
510 3128 699 3229 judicibus
718 3136 760 3202 ut
778 3126 948 3226 singulus
967 3126 1212 3203 accusationis
1232 3128 1404 3228 capitain
1415 3128 1542 3206 libello

159 3252 321 3330 adnotet.
805 3334 808 3341 ,

809 3361 894 3435 739.

267 3491 304 3558 K
302 3481 448 3584 ρύβδην
468 3488 670 3582 ψηφίζεται
692 3492 849 3570 ἕκαστος
869 3481 946 3557 τῶν
965 3480 1167 3560 δικαστῶν.

820 3614 1003 3714 (Lycurg.
1025 3637 1055 3686 ο.
1077 3610 1247 3688 Leocrat.
1269 3606 1433 3712 §.1463
1539 3602 1544 3618 ’

806 3774 894 3850 739.

265 3901 484 3976 Clanculum
504 3900 757 3999 unusquisque
773 3896 940 4000 judicum
962 3900 1034 3975 fert
1052 3898 1280 3999 suffragium.

805 4062 894 4138 740.

269 4184 394 4277 Ψήιροι
425 4179 465 4258 δέ
491 4188 560 4258 εἰσι
587 4187 759 4278 χαλκαί,
791 4180 984 4258 αὐλίσκον
1012 4186 1171 4279 ἔχουσαι
1201 4191 1244 4259 ἐν
1268 4181 1323 4283 τῷ
1342 4189 1469 4284 μέσῳ,
1500 4187 1539 4273 αἱ

159 4311 228 4404 μὲν
246 4301 408 4408 ἡμίσειαι
429 4314 721 4405 τετρυπηιιέναι,
751 4311 788 4382 αἱ
818 4306 856 4385 δι’
888 4302 1053 4406 ἡμίσειαι
1075 4306 1242 4404 πλήρεις·
1274 4308 1309 4381 oi
1330 4305 1368 4382 δι’
1391 4308 1539 4406 λαχόν-

162 4466 217 4522 τες
234 4439 293 4510 ι’πί
313 4431 379 4520 τάς
399 4432 573 4533 ψήφους,
594 4431 749 4514 ἐπειδὰν
767 4439 953 4535 εἰρημένοι
973 4427 1068 4510 οἶσιν
1087 4437 1124 4508 oi
1143 4430 1274 4541 loyca,
1300 4433 1538 4535 παραδιδόα-

163 4585 221 4634 σιν
239 4559 387 4659 ίκάστῳ
406 4564 484 4637 τῶν
503 4557 696 4635 δικαστῶν
716 4557 787 4635 δύο
810 4555 963 4661 ψήφους
974 4617 984 4649 ,
1018 4565 1296 4671 τετρυπημένην
1317 4562 1385 4635 καί
1406 4560 1539 4668 πλήρηζ

162 4683 324 4787 ηανεράς
343 4678 443 4784 δρᾶν
461 4697 540 4773 τοῖς
559 4681 796 4775 ἀντιδίκοις,
826 4688 892 4761 ἵνα
914 4681 1008 4784 μήτε
1038 4670 1186 4785 πλήρεις
1209 4680 1305 4784 μήτε
1330 4683 1453 4786 πάντῃ
1472 4719 1537 4765 τε-

162 4820 388 4909 τρυπημένας
407 4808 667 4910 λαμβάνωσιν.
849 4815 1115 4916 (Harpocatio:
1143 4817 1429 4912 τετρυπημένη.)
1535 4790 1539 4801 ’

798 4957 887 5033 740.

263 5078 359 5158 Sunt
376 5091 500 5160 autem
519 5081 650 5159 calculi
669 5085 788 5179 aerei,
817 5082 986 5159 tubulum
1011 5084 1050 5158 in
1071 5085 1195 5161 medio
1214 5084 1416 5183 habenam
1444 5111 1531 5184 quo-

160 5234 237 5285 uun
264 5208 418 5286 dimidia
443 5235 530 5311 pars
558 5220 616 5285 eet
642 5209 854 5310 perforata,
882 5208 1035 5289 dimidia
1061 5228 1152 5290 vero
1170 5211 1292 5314 plena
1309 5210 1538 5314 *Quligitu'u
