3404 5782
697 426 760 482 wa
776 423 988 481 Punmcun.

595 687 599 697 ⁵
747 697 935 794 Μίροςθ’.
1085 685 1155 694 δ’

705 824 969 920 Ἡιιυρία.

692 1166 695 1170 Δ
751 1079 864 1147 Pars
895 1080 928 1145 9.

650 1203 773 1270 Dies
810 1201 1026 1293 judicii.

793 1368 882 1446 715.

245 1506 321 1590 ’Ἕν
347 1543 387 1587 τε
415 1522 494 1601 τοῖς
521 1509 653 1611 νόμοις
683 1514 942 1616 γεγραμμένης
978 1506 1203 1609 τριακοστῆς
1229 1490 1365 1609 ἡμέρας
1393 1509 1530 1603 ἑτέραν

150 1631 242 1739 ἡμῖν
259 1632 391 1725 adroic
410 1635 720 1747 συγχωρήσαντες
737 1640 939 1734 τιθέμεθα,
956 1631 1056 1737 ιιαρά
1066 1665 1106 1710 τε
1116 1643 1196 1722 ταῖς
1206 1628 1341 1735 άργαῖς
1351 1623 1529 1722 άπάσαις,

150 1769 218 1838 καί
237 1762 349 1851 δίκας
368 1769 438 1841 καί
455 1767 600 1866 κρίσεις
618 1759 907 1865 ἀναβάλλονται
927 1772 1005 1852 τοῖς
1028 1757 1241 1849 ἀντιδίκοις
1260 1762 1297 1836 oi
1317 1751 1528 1862 εἴργοντες,

151 1885 478 1992 συγχωρησάντων
494 1883 656 1966 ἐκείνων
675 1885 861 1980 ἀλλήλοις.

670 2112 672 2114 V
720 2015 932 2113 (Demosth.
951 2014 1033 2094 adv.
1054 2014 1260 2120 Phaenipp.
1284 2012 1419 2110 1042.)

793 2178 882 2258 715.

255 2324 303 2399 Et
329 2323 475 2423 legibus
504 2321 692 2423 trigesima
717 2321 849 2424 judicii
876 2323 936 2403 die
968 2322 1164 2426 praefinita
1191 2319 1304 2398 aliam
1330 2320 1429 2397 inter
1457 2346 1528 2398 nos

149 2449 388 2551 paciscimur,
408 2461 446 2526 et
464 2447 565 2551 apud
583 2448 823 2551 magistratus
842 2473 971 2526 omnes
989 2446 1208 2524 adversariis
1227 2447 1394 2525 actiones
1412 2457 1452 2521 et
1462 2445 1524 2547 ju·

150 2575 246 2651 dicia
263 2586 468 2678 prorogant
485 2571 696 2677 praesides,
726 2574 757 2651 si
774 2574 845 2676 ipsi
863 2575 959 2651 inter
976 2599 1016 2651 se
1035 2572 1289 2652 convenerint

792 2734 881 2812 716.

258 2866 416 2951 Καλεῖδ
437 2865 571 2972 άρχων
589 2876 641 2961 είς
658 2869 703 2949 τά
734 2870 982 2973 δικαστήριον
1008 2867 1181 2962 ἅπαντας
1208 2872 1299 2963 τούς
1327 2871 1526 2979 ἀμφισβη-

148 3001 324 3091 τοῦντας,
716 3003 926 3098 (Demosth.
946 3005 985 3081 in
1005 3001 1260 3106 Olympiades.
1283 3005 1419 3099 1174.)

765 3121 774 3138 0

788 3161 878 3241 716.

256 3305 408 3385 Archon
427 3329 556 3384 omnes
574 3303 807 3385 adversarios
825 3307 865 3386 in
883 3306 1007 3385 forum
1026 3309 1125 3387 citat

792 3467 880 3546 717.

249 3602 338 3683 Ἐπί
357 3607 436 3684 τάν
454 3606 648 3709 δημοσίων
664 3605 829 3714 ἀγάνων
845 3603 894 3685 οὐ
911 3606 987 3709 χρὴ
1014 3607 1106 3698 τούς
1133 3607 1319 3699 δικαστάς
1338 3609 1522 3713 πρότερον

10 3768 16 3782 ·
147 3729 194 3806 τά
222 3738 319 3808 καθ’
337 3740 480 3810 ἕκαστοι
506 3733 572 3826 τῆς
598 3737 827 3838 κατηγορίας
853 3726 1061 3834 ὑπομένειν
1087 3731 1273 3827 ἀκούειν,
1304 3742 1396 3837 πρίν
1423 3733 1522 3815 αὐτὸ

147 3854 192 3932 τὸ
223 3855 441 3953 κεφάλαιον
467 3859 538 3935 τοῦ
567 3855 716 3964 άγῶνος
744 3865 814 3936 καὶ
842 3854 913 3954 τὴν
938 3858 1180 3966 ἀντιγραφὴν
1213 3859 1459 3956 ἐξετάσωσιν,
1487 3865 1522 3939 εί

148 3987 250 4061 ἐστίν
268 3990 316 4061 ἐκ
331 3985 410 4064 τῶν
428 3980 563 4085 νόμιον
579 3979 685 4084 cipri.
729 3988 964 4092 (Hyperides
980 4016 1048 4094 pro
1066 3993 1300 4095 Euxenippo.
1310 3986 1347 4094 §t
1359 3991 1420 4086 t)

164 4163 168 4167 ’
790 4149 879 4230 717.

253 4293 299 4369 In
316 4293 476 4396 publicis
494 4293 614 4370 causis
632 4319 709 4370 non
727 4304 839 4371 antea
848 4293 996 4399 judices
1015 4297 1170 4398 singulis
1181 4298 1427 4377 accusationis
1437 4323 1520 4401 par·

147 4418 246 4495 tibus
264 4444 392 4497 aurem
408 4421 591 4522 praebere
610 4418 767 4514 debent,
795 4445 907 4522 quam
932 4422 1055 4523 ipsum
1072 4444 1207 4501 causae
1227 4435 1397 4528 caputet
1415 4407 1526 4503 acca?

147 4543 277 4621 satoris
305 4538 471 4622 libellum
500 4543 813 4641 examinaverint,
850 4555 973 4624 utrum
1010 4572 1055 4625 ex
1083 4548 1167 4648 lege
1194 4550 1292 4627 actia
1319 4551 1520 4629 instruatur

147 4694 218 4748 nec
244 4666 302 4746 ne.

792 4778 880 4856 718.

254 4921 337 4995 Δύο
354 4913 507 5018 βήματά
527 4924 604 4996 ἐστι
615 4977 627 5011 ,
659 4918 729 4997 τοῦ
758 4917 977 5026 κατηγόρου
997 4951 1066 4998 και
1086 4921 1157 5000 τοῦ
1177 4919 1514 5030 ἀπολογουμένου,

145 5048 214 5122 καί
233 5043 304 5120 τοῦ
325 5040 409 5131 ίνδς
427 5049 603 5149 λέγοντος
620 5054 824 5140 καθίζεται
845 5040 866 5124 ὁ
887 5054 1012 5146 ἕτερος
1022 5107 1033 5141 ,
1062 5057 1128 5137 ἕως
1147 5039 1196 5126 οὗ
1215 5051 1313 5150 εἴση.

517 5173 657 5268 (Schal.
679 5177 717 5253 in
735 5177 925 5257 Demosth.
946 5179 993 5256 de
1013 5177 1093 5257 fals.
1113 5180 1224 5280 legat.
1245 5180 1335 5280 378,
1357 5184 1414 5277 3.)
