3404 5782
148 388 226 463 470
490 405 799 459 counanrmuns
817 406 870 456 Ab
890 401 954 457 aas.
975 400 1037 456 era.
1057 402 1121 457 ast.
1140 401 1204 455 sss.

146 603 276 704 inopia
295 602 347 680 rei
367 598 557 677 familiaris
585 599 805 675 minervalia
831 598 977 673 solvere
1008 596 1227 696 nequirent,
1259 592 1566 671 honestissimae

147 726 390 804 institutionis
409 726 531 802 fructu
549 725 741 803 carituros.

256 850 476 945 (Diodor.
501 849 654 927 Sicul.
674 850 760 943 XII,
784 849 865 940 12.)

255 976 389 1052 Rhodii
409 986 636 1076 acceperunt
654 974 812 1050 donatos
832 975 879 1049 ab
901 975 1067 1048 Eumene
1097 972 1283 1047 ducentos
1314 983 1362 1047 et
1395 969 1565 1068 octagies

149 1101 248 1176 mille
268 1101 442 1177 frumenti
463 1100 608 1175 modios
619 1154 631 1192 ,
661 1110 702 1174 ut
730 1099 889 1200 pretium
914 1124 1041 1174 eorum
1061 1097 1098 1170 in
1118 1097 1276 1171 foenore
1298 1094 1563 1181 collocarent,

149 1252 266 1326 eaque
297 1251 406 1303 usura
434 1224 645 1302 mercedem
680 1223 942 1299 educatoribus
971 1233 1008 1298 et
1036 1219 1311 1318 ludimagistris
1347 1219 1563 1294 liberorum

148 1376 299 1428 suorum
317 1351 515 1426 solverent.
545 1347 733 1447 (Polyb.
754 1348 896 1441 XXXI,
919 1347 979 1434 17,
1000 1349 1054 1437 a.)

256 1474 314 1552 Ol.
333 1472 463 1551 Odos
469 1501 497 1548 r.
518 1473 747 1549 Mueller:
778 1473 899 1565 Quam
923 1496 1049 1548 curam
1070 1467 1288 1570 respublica
1308 1468 1429 1568 apud
1448 1466 1563 1544 Grae-

149 1627 211 1676 cos
231 1611 268 1676 et
286 1600 474 1675 Romanos
503 1598 618 1674 literis
648 1597 898 1697 doctrinisque
927 1595 1091 1672 colendis
1119 1603 1155 1671 et
1179 1592 1477 1694 promovendis
1503 1592 1564 1666 im·

150 1723 341 1826 penderit,
371 1723 572 1822 quaeritur.
602 1720 827 1820 (Gottingae
853 1721 984 1811 1837.)

738 1927 814 2010 Ad
833 1929 949 2010 ³⁷8.

255 2096 485 2175 Democedes
505 2122 639 2196 quum,
669 2094 799 2172 relicta
818 2095 1003 2188 Crotone,
1035 2095 1200 2194 Aeginae
1221 2092 1368 2170 sedem
1392 2121 1508 2171 suam
1527 2094 1562 2166 fi·

151 2225 284 2313 xisset,
318 2223 438 2324 primo
468 2248 567 2296 anno
597 2220 691 2296 alios
720 2247 849 2297 omnes
870 2219 1070 2321 superavit
1097 2219 1277 2295 medicos.
1333 2221 1486 2322 Itaque
1514 2247 1561 2294 se-

150 2350 273 2429 cundo
293 2376 393 2426 anno
414 2349 619 2448 Aeginetae
650 2349 799 2447 publice
829 2375 910 2424 eum
941 2348 1080 2424 talento
1104 2346 1394 2423 conduxerunt.
1436 2345 1561 2421 Tertio

150 2504 248 2553 anno
278 2474 523 2551 Athenienses
554 2485 704 2551 centum
734 2474 873 2568 minis3
912 2486 1043 2575 quarto
1072 2499 1162 2549 vero
1191 2498 1297 2548 anno
1332 2473 1562 2575 Polycrates

150 2603 296 2681 duobus
315 2601 475 2678 talentis.
505 2600 758 2695 (Herodot.
778 2602 846 2695 ΙΙΙ,
870 2601 975 2692 131.)

739 2809 816 2894 Ad
836 2812 951 2916 ³⁷0.

256 2979 344 3053 Jam
368 2975 629 3074 legumlatores
650 2989 737 3054 ante
758 2977 978 3055 Charondae
1006 2987 1166 3053 aetatem
1194 2976 1369 3077 publica
1391 2976 1560 3055 mercede

152 3103 317 3182 medicos
336 3100 512 3176 sanandis
532 3104 760 3201 privatorum
781 3104 918 3181 morbis
938 3102 1200 3179 conducendos
1221 3128 1308 3179 esse
1334 3116 1560 3183 sanxerunt

152 3226 373 3324 (Diodor.
406 3226 552 3302 Sicul.
583 3228 668 3323 XII,
700 3229 780 3321 13.)

740 3436 816 3520 Ad
844 3440 950 3522 381.

258 3599 1219 3701 Anonymiargum.inDemosth.oratc.
1245 3601 1559 3684 Androtion.

154 3728 250 3802 588:
281 3726 385 3802 Varii
412 3727 564 3802 fuerunt
591 3730 830 3828 magistratus
860 3730 959 3830 apud
990 3729 1260 3824 Athenienses,
1299 3757 1479 3831 quorum
1507 3734 1559 3810 alii

152 3863 270 3946 sorte,
291 3853 353 3927 alii
373 3853 572 3950 suffragio,
594 3853 656 3928 alii
676 3853 823 3929 delectu
842 3857 1074 3931 creabantur.
1105 3854 1233 3948 Sorte,
1256 3858 1327 3955 qui
1352 3863 1495 3936 sortito
1514 3861 1557 3935 le·

151 3977 357 4074 gabantur,
379 3987 416 4051 et
428 3977 596 4078 judicss;
625 3978 823 4076 suffragio,
844 3980 906 4079 qni
925 3981 1067 4082 populo
1085 3982 1351 4078 suffragante,
1384 3997 1432 4061 ut
1451 3988 1556 4087 impe·

153 4112 314 4197 retorem
342 4102 508 4196 delectu,
529 4103 590 4200 qui
611 4102 886 4203 deligebantur,
906 4117 946 4180 ut
964 4105 1125 4204 choragi.

259 4244 295 4317 N
297 4270 345 4319 on
364 4256 476 4321 recte.
515 4246 666 4321 Nullam
686 4248 784 4321 enim
804 4247 1054 4325 intercessisse
1075 4248 1335 4331 differentiam
1355 4255 1465 4332 inter
1477 4279 1554 4348 χει·

153 4361 386 4462 ροτονητούς
405 4381 442 4444 et
462 4365 657 4467 αἱρετούς,
688 4382 792 4472 patet
817 4397 837 4447 e
857 4373 982 4450 verbis
1002 4373 1269 4451 Demosthenis
1299 4382 1404 4482 (pro
1424 4383 1554 4461 coron.

153 4489 272 4583 310):
302 4491 426 4564 ἔπειθ’
455 4491 768 4591 αἱρούμενος
797 4491 960 4586 σιτώνην
986 4500 1036 4573 e'x'
1062 4493 1218 4572 πάντων
1247 4506 1287 4602 γ’
1320 4507 1395 4602 ἐμὲ
1432 4513 1553 4604 ἔχει·

153 4610 430 4714 ροτόνησεν
458 4608 629 4713 ὂδῆμος.

261 4739 320 4821 Of.
341 4741 464 4821 Schol.
485 4746 524 4820 in
544 4745 715 4825 Aeschin.
736 4750 902 4853 Ctesiph.
926 4752 985 4826 13.

729 4922 813 5043 aa
835 4963 951 5045 ese.

259 5125 398 5239 Fontes
427 5123 528 5202 citati
558 5123 684 5204 dicunt
711 5129 780 5207 hos
804 5132 1043 5232 magistratus
1060 5134 1174 5214 husee
1193 5139 1391 5242 suffragio
1412 5158 1550 5225 creatos
