3436 5790
160 353 238 428 394
703 376 765 427 rus
783 374 1003 428 rarvarurr.

800 564 914 642 1534.

239 784 240 788 ¹
267 695 422 768 Terram
442 693 616 794 effossam
637 718 683 768 ne
703 689 812 768 liceat
831 692 1011 770 ullorsum
1030 704 1196 794 portare,
1218 692 1340 770 sedin
1360 693 1443 795 ipso
1462 694 1549 772 fuu-

160 821 207 896 do
229 818 445 919 relinquere.

802 924 912 1000 1535.

260 1061 570 1171 Ἀγεωργίου
599 1062 827 1157 δικάζεσθαι
849 1069 1034 1164 σημαίνει,
1055 1064 1210 1143 ἐπειδάν
1229 1096 1283 1154 τις
1297 1071 1452 1166 χωρίον
1473 1097 1548 1142 πα-

160 1188 341 1292 ραλαβών
360 1187 602 1295 ἀγεώργητον
621 1196 689 1264 καί
710 1185 946 1295 ἀνέργαστον
963 1191 1067 1290 ἐάσῃ,
1097 1195 1222 1267 ἔπειτα
1243 1182 1265 1267 ὅ
1287 1189 1465 1283 δεσπότης
1486 1191 1547 1268 δι-

160 1316 321 1410 κάζηται
340 1314 395 1417 τῷ
416 1312 689 1416 παραλαβόντι.
933 1321 1077 1414 (Lexic.
1098 1320 1251 1423 Seguer.
1271 1349 1308 1424 p.
1328 1319 1439 1413 336.)

796 1444 908 1521 1535.

267 1570 374 1650 Actio
405 1571 601 1668 neglectae
629 1570 879 1670 agriculturae
906 1582 984 1667 est,
1015 1598 1130 1675 quum
1157 1573 1239 1672 quis
1263 1580 1418 1673 excepto
1438 1596 1546 1673 prae·

161 1695 241 1786 dio,
270 1696 361 1773 illud
390 1696 571 1772 incultum
598 1706 635 1772 et
662 1695 936 1773 inelaboratum
964 1724 1044 1777 esse
1074 1699 1191 1794 sinat,
1221 1696 1355 1779 deinde
1374 1694 1547 1775 dominus

159 1822 261 1897 litem
279 1822 449 1897 intendat
467 1821 520 1897 illi
539 1822 602 1921 qui
621 1822 816 1921 praedium
835 1822 1023 1901 conduxit.

750 2140 963 2242 Tsslffle'·

574 2292 723 2386 Περὶ
777 2293 1138 2375 κοινωνίας.

774 2448 933 2465 wwtmmwv

762 2558 950 2638 Sectio6.

586 2705 707 2836 ⁸De
754 2705 1082 2782 societate.

799 2899 913 2974 1536.

270 3027 310 3095 K
317 3028 609 3113 οινωνικοὶ,
640 3025 676 3098 οὶ
707 3025 893 3098 ἑκουσίαν
920 3027 1135 3097 κοινωνίαν
1163 3027 1396 3120 συνθέμενοι
1424 3026 1545 3118 ἐμασ-

162 3151 243 3246 ρίας
275 3141 297 3238 ἥ
324 3177 426 3236 τινος
455 3143 599 3241 ἀλλου,
628 3139 686 3224 ὦν
712 3156 871 3247 ἕκαστος
900 3144 978 3225 οὐκ
1009 3150 1086 3245 ἔχει
1116 3145 1160 3222 τὸ
1190 3141 1287 3222 ὅλον
1310 3149 1455 3244 τίμημα
1482 3143 1545 3236 τῆς

162 3273 296 3364 κοινῆς
316 3271 461 3365 οὐσίας.
569 3357 572 3364 ,
1139 3276 1441 3379 (Harpocratio.)

801 3383 914 3461 1536.

271 3528 425 3606 Sedales
445 3543 550 3626 sunt,
581 3533 642 3632 qui
662 3531 911 3607 voluntariam
928 3531 1026 3604 inter
1044 3556 1083 3606 se
1103 3530 1233 3607 ineunt
1252 3529 1467 3605 societatem
1485 3527 1547 3604 vel

164 3665 391 3732 mercaturae
412 3659 472 3734 vel
493 3659 543 3734 rei
564 3660 772 3760 cujuspiam
791 3657 905 3733 aliur:
934 3683 1090 3756 quorum
1119 3656 1255 3754 singuli
1283 3665 1403 3731 totum
1430 3655 1546 3729 bono·

163 3805 245 3861 rum
264 3784 516 3862 communium.
534 3809 688 3886 censum
706 3809 783 3859 non
802 3782 953 3860 habent.

800 3941 914 4018 1537.

267 4082 365 4161 Ἐὰν
384 4084 421 4159 δι’
444 4083 561 4180 δῆμος
582 4077 603 4173 ἢ
622 4079 805 4184 φράτορες
825 4077 849 4174 ἢ
866 4083 978 4183 ἱερῶν
996 4081 1180 4189 ὀργεῶνες
1210 4078 1233 4172 ἢ
1252 4080 1390 4157 ναῦται
1410 4075 1433 4172 ἢ
1453 4078 1547 4155 σύσ-

168 4236 264 4286 σιτοι
284 4206 307 4303 ἢ
326 4202 520 4309 ὅμὸταφοι
541 4203 563 4300 ἢ
584 4207 772 4285 θιασῶται
802 4205 826 4302 ἢ
852 4214 913 4286 ἐπὶ
932 4214 1040 4286 λείαν
1068 4206 1268 4306 οἰχόμενοι
1297 4202 1320 4298 ἢ
1347 4211 1399 4295 εἰς
1426 4213 1547 4307 ἐμπο-

166 4343 275 4438 ρίαν,
305 4334 328 4413 ὅ
356 4367 391 4412 τι
420 4329 471 4413 ἀν
497 4331 647 4411 τούτων
674 4333 888 4413 διαθῶνται
914 4325 1008 4434 ancil
1037 4331 1244 4424 ἀλλήλους,
1273 4329 1414 4431 κύριον
1431 4330 1544 4422 εἶναι,

166 4462 235 4540 ε’ἀν
249 4461 304 4563 μή
326 4459 567 4568 ἀπαγορεύσῃ
588 4459 747 4561 δημόσια
766 4461 979 4567 γράμματα.

275 4591 415 4693 (Gajus
434 4593 473 4668 in
496 4592 527 4668 1.
548 4593 582 4668 3.
602 4591 689 4690 Dig.
710 4591 865 4687 XLVII,
887 4591 937 4669 22
957 4590 1003 4668 de
1019 4589 1151 4688 colleg.
1167 4588 1248 4666 Lex
1260 4584 1440 4679 Solonis.)

803 4754 916 4831 1537.

277 4878 316 4954 Si
335 4907 454 4980 pagus
474 4886 534 4961 vel
552 4884 747 4987 phratores
767 4878 829 4957 vel
847 4904 1034 4957 sacrorum
1062 4875 1349 4953 sacramentales
1377 4870 1438 4948 vel
1456 4898 1546 4951 nau·

168 5014 227 5077 tae
249 5006 309 5080 vel
328 5009 638 5087 confrumentales
665 5010 727 5085 vel
756 5008 818 5108 qui
841 5007 880 5083 in
899 5005 1031 5084 eodem
1049 5001 1219 5104 sepulcro
1238 5001 1470 5101 sepeliuntur
1487 4999 1547 5074 vel

167 5129 304 5209 Bacchi
323 5137 473 5215 cornus
491 5137 550 5215 vel
568 5136 616 5217 ad
636 5133 855 5216 lucrandum
874 5143 938 5209 eut
961 5127 1228 5231 negotiandum
1253 5127 1549 5232 proficiscentes,
