3404 5782
687 385 748 441 Jos
766 383 985 440 PBWA'PUM.

625 751 946 904 Κεφάλαιον
972 753 1056 863 Z'.

442 951 633 1097 Περὶ
694 947 1227 1088 εἰσποιήσεως,

691 1303 980 1446 oaputvfl.

596 1503 679 1621 Do
721 1507 1075 1647 adoptione.

785 1761 899 1836 1422.

252 1880 476 1977 Εἰσποιητὸς
494 1889 561 1960 καὶ
584 1882 715 1973 θετὸς,
744 1876 793 1960 ὃν
822 1877 873 1960 ἄν
901 1915 956 1972 τις
982 1879 1030 1959 οὐ
1052 1880 1254 1989 γεννήσας,
1288 1877 1385 1960 ἀλλ’
1406 1880 1545 1984 ἑλόμε-

147 2040 212 2098 νος
230 2015 291 2088 ἐπὶ
309 2022 389 2099 τοῖς
404 2007 598 2112 χρήμασιν
616 2006 829 2101 ἐποιήσατο.
1071 2012 1225 2106 (Pollux
1242 2012 1313 2110 III,
1337 2013 1434 2106 21.)

783 2176 898 2251 1422.

252 2303 439 2382 Adscitius
468 2314 507 2380 et
533 2303 730 2406 adoptatus
759 2301 857 2377 filius
886 2309 962 2396 eet,
991 2325 1101 2402 quem
1120 2302 1202 2403 quio
1221 2326 1299 2380 non
1317 2304 1541 2402 genitume

146 2453 206 2525 oe,
235 2427 301 2505 sed
320 2430 478 2508 electum
496 2430 605 2509 bonis
623 2430 698 2506 suis
718 2425 895 2506 heredem
913 2427 1112 2504 constituit.

784 2587 898 2665 1423.

244 2708 372 2789 Ὅταν
390 2742 445 2798 τις
463 2704 520 2787 ὅν
539 2701 654 2796 α’ίπαις
673 2714 741 2783 καὶ
761 2707 894 2807 κύριος
913 2706 991 2784 τῶν
1015 2707 1157 2786 ἑαυτοῦ
1166 2766 1178 2798 ,
1208 2704 1413 2802 ποιήσηται
1432 2691 1535 2803 οἶόν,

147 2837 267 2914 ταῦτα
286 2836 402 2936 κύρια
420 2832 529 2917 εἶναι.
851 2835 1060 2930 (Demosth.
1081 2837 1258 2916 Leochar.
1283 2839 1430 2934 1095.)

784 2997 896 3074 1423.

254 3123 389 3223 Siquis
408 3123 534 3199 liberis
554 3123 667 3198 orbus
687 3131 724 3196 et
741 3148 891 3199 suorum
909 3124 1090 3200 bonorum
1116 3123 1284 3200 dominus
1304 3125 1427 3202 filium
1449 3126 1534 3204 ado·

148 3251 277 3353 pierio,
308 3259 428 3325 ratum
446 3249 484 3323 id
503 3259 594 3325 esto.

784 3357 896 3432 1424.

247 3473 298 3556 ‘0
317 3477 568 3578 ποιησάμενος
585 3469 797 3581 ὑγιαίνων,
826 3472 872 3554 εὖ
899 3477 1078 3576 φρονῶν,
1109 3469 1153 3555 εὖ
1172 3476 1277 3554 νοῶν
1295 3479 1448 3586 εἰσάγει
1467 3480 1534 3558 τὸν

148 3613 355 3699 ποιηθέντα
383 3609 436 3690 εἰς
463 3602 556 3690 τούς
583 3600 779 3701 φράτορας
807 3602 1008 3701 παρόντων
1034 3603 1112 3679 τῶν
1134 3602 1359 3707 συγγενῶν,
1390 3613 1465 3682 καὶ
1485 3611 1534 3694 εἰς

148 3731 239 3820 τούς
258 3730 417 3831 δημότας
435 3725 560 3805 αὐτὸν
580 3727 759 3834 ἐγγράφει
787 3736 855 3805 καὶ
875 3733 929 3815 εἰς
947 3727 1038 3815 τούς
1057 3726 1259 3833 ὀργεῶνας.

939 3860 1087 3951 (Isaeus
1106 3857 1261 3934 Meneol.
1282 3853 1315 3958 ξ.
1340 3858 1430 3953 14.)

779 3966 892 4040 1424.

256 4092 448 4194 Adoptans
467 4117 621 4193 corpore
641 4117 754 4186 sano,
773 4117 865 4167 sana
883 4104 1028 4184 mente,
1048 4092 1172 4167 animo
1190 4116 1284 4167 sono
1303 4093 1429 4169 filium
1450 4093 1535 4171 ado·

149 4231 294 4319 piatum
310 4219 409 4320 apud
438 4218 633 4319 phratores
661 4217 883 4313 introducit,
913 4244 1070 4318 eumque
1090 4218 1128 4291 in
1146 4218 1272 4293 album
1293 4216 1535 4297 demotamm

149 4367 425 4443 ongeonomque
444 4343 594 4419 inscribi
614 4353 731 4418 curat.
783 4451 883 4526 ¹425

258 4569 360 4645 1ιάιὰ
383 4569 573 4664 διαθήκας
592 4575 628 4647 αἱ
650 4567 857 4678 εἰσαγωγαί
876 4571 954 4648 τῶν
981 4570 1207 4664 εἰσποιὴτων
1234 4577 1448 4675 γίνονται,
1480 4575 1534 4652 δι-

150 4697 297 4774 δόντων
313 4696 357 4771 τά
384 4699 530 4774 ἑαυτῶν
561 4704 628 4774 καί
658 4703 749 4785 υἱεῖς
779 4705 1040 4798 ποιουμένων,
1072 4694 1194 4784 ἄλλοις
1215 4697 1251 4773 δὲ
1273 4695 1356 4774 οὐκ
1379 4705 1532 4793 ἔξεστιν.

810 4831 956 4923 (isaeus
976 4829 1021 4903 de
1044 4828 1192 4906 Aristar.
1213 4828 1288 4903 her.
1310 4825 1344 4928 ξ.
1369 4833 1428 4925 9.)

782 4991 895 5063 1425.

256 5116 481 5191 In:.roduotio
502 5115 658 5192 filiorum
679 5129 900 5193 testamento
919 5120 1170 5194 institutorum
1193 5122 1252 5211 fit,
1285 5121 1315 5193 si
1337 5123 1403 5219 qui
1424 5134 1533 5197 testa·
