<?xml version="1.0" encoding="UTF-8"?>
<!DOCTYPE html PUBLIC "-//W3C//DTD XHTML 1.0 Transitional//EN"
    "http://www.w3.org/TR/xhtml1/DTD/xhtml1-transitional.dtd">
<html xmlns="http://www.w3.org/1999/xhtml" xml:lang="en" lang="en">
 <head>
  <title>
</title>
<meta http-equiv="Content-Type" content="text/html;charset=utf-8" />
  <meta name='ocr-system' content='tesseract 3.04.00' />
  <meta name='ocr-capabilities' content='ocr_page ocr_carea ocr_par ocr_line ocrx_word'/>
</head>
<body>
  <div class='ocr_page' id='page_1' title='image "./synaggtnattiknn00tlgoog_0624.png"; bbox 0 0 3404 5782; ppageno 0'>
   <div class='ocr_carea' id='block_1_1' title="bbox 148 313 1153 388">
    <p class='ocr_par' dir='ltr' id='par_1_1' title="bbox 148 313 1153 388">
     <span class='ocr_line' id='line_1_1' title="bbox 148 313 1153 388; baseline -0.01 -4"><span class='ocrx_word' id='word_1_1' title='bbox 148 313 226 388; x_wconf 80' lang='grc'><strong>600</strong></span> <span class='ocrx_word' id='word_1_2' title='bbox 556 328 865 382; x_wconf 76' lang='lat' dir='ltr'><strong>commuursarus</strong></span> <span class='ocrx_word' id='word_1_3' title='bbox 884 327 937 377; x_wconf 79' lang='lat' dir='ltr'><strong>nn</strong></span> <span class='ocrx_word' id='word_1_4' title='bbox 958 323 1037 379; x_wconf 81' lang='lat' dir='ltr'><strong>resa</strong></span> <span class='ocrx_word' id='word_1_5' title='bbox 1060 324 1153 379; x_wconf 74' lang='lat' dir='ltr'><strong>rosv.</strong></span> 
     </span>
    </p>
   </div>
   <div class='ocr_carea' id='block_1_2' title="bbox 149 515 1542 1630">
    <p class='ocr_par' dir='ltr' id='par_1_2' title="bbox 149 515 1542 1630">
     <span class='ocr_line' id='line_1_2' title="bbox 256 515 1540 619; baseline -0.006 -17"><span class='ocrx_word' id='word_1_6' title='bbox 256 524 431 602; x_wconf 77' lang='lat' dir='ltr'><strong>Cicero</strong></span> <span class='ocrx_word' id='word_1_7' title='bbox 451 523 506 600; x_wconf 92' lang='lat' dir='ltr'><strong>de</strong></span> <span class='ocrx_word' id='word_1_8' title='bbox 527 531 707 599; x_wconf 89' lang='lat' dir='ltr'><strong>seneot.</strong></span> <span class='ocrx_word' id='word_1_9' title='bbox 728 519 764 612; x_wconf 99' lang='grc'><strong>7,</strong></span> <span class='ocrx_word' id='word_1_10' title='bbox 786 519 854 592; x_wconf 79' lang='lat'><strong>22:</strong></span> <span class='ocrx_word' id='word_1_11' title='bbox 875 515 1081 619; x_wconf 89' lang='lat' dir='ltr'><strong>Sophocles</strong></span> <span class='ocrx_word' id='word_1_12' title='bbox 1103 518 1161 595; x_wconf 90' lang='lat' dir='ltr'><strong>ad</strong></span> <span class='ocrx_word' id='word_1_13' title='bbox 1184 541 1397 593; x_wconf 87' lang='lat' dir='ltr'><strong>summam</strong></span> <span class='ocrx_word' id='word_1_14' title='bbox 1416 531 1540 594; x_wconf 78' lang='lat' dir='ltr'><strong>senecta</strong></span> 
     </span>
     <span class='ocr_line' id='line_1_3' title="bbox 149 645 1539 749; baseline -0.004 -22"><span class='ocrx_word' id='word_1_15' title='bbox 149 665 223 729; x_wconf 91' lang='lat' dir='ltr'><strong>tem</strong></span> <span class='ocrx_word' id='word_1_16' title='bbox 243 650 457 749; x_wconf 78' lang='lat' dir='ltr'>tragoedias</span> <span class='ocrx_word' id='word_1_17' title='bbox 477 649 585 742; x_wconf 76' lang='lat' dir='ltr'><strong>fecit,</strong></span> <span class='ocrx_word' id='word_1_18' title='bbox 614 645 713 748; x_wconf 91' lang='lat' dir='ltr'><strong>quod</strong></span> <span class='ocrx_word' id='word_1_19' title='bbox 741 655 896 744; x_wconf 87' lang='lat' dir='ltr'><strong>propter</strong></span> <span class='ocrx_word' id='word_1_20' title='bbox 923 646 1086 721; x_wconf 89' lang='lat' dir='ltr'><strong>studium</strong></span> <span class='ocrx_word' id='word_1_21' title='bbox 1116 670 1256 744; x_wconf 89' lang='lat' dir='ltr'><strong>quum</strong></span> <span class='ocrx_word' id='word_1_22' title='bbox 1285 669 1375 719; x_wconf 90' lang='lat' dir='ltr'><strong>rem</strong></span> <span class='ocrx_word' id='word_1_23' title='bbox 1394 645 1539 742; x_wconf 72' lang='lat' dir='ltr'>negligere</span> 
     </span>
     <span class='ocr_line' id='line_1_4' title="bbox 149 769 1538 870; baseline -0.007 -15"><span class='ocrx_word' id='word_1_24' title='bbox 149 778 370 856; x_wconf 82' lang='lat' dir='ltr'><strong>familiarem</strong></span> <span class='ocrx_word' id='word_1_25' title='bbox 389 776 596 868; x_wconf 89' lang='lat' dir='ltr'><strong>videretur,</strong></span> <span class='ocrx_word' id='word_1_26' title='bbox 617 799 640 848; x_wconf 94' lang='lat' dir='ltr'><strong>a</strong></span> <span class='ocrx_word' id='word_1_27' title='bbox 658 772 743 848; x_wconf 90' lang='lat' dir='ltr'><strong>filiis</strong></span> <span class='ocrx_word' id='word_1_28' title='bbox 761 770 800 844; x_wconf 95' lang='lat' dir='ltr'><strong>in</strong></span> <span class='ocrx_word' id='word_1_29' title='bbox 819 769 1004 869; x_wconf 89' lang='lat' dir='ltr'><strong>judicium</strong></span> <span class='ocrx_word' id='word_1_30' title='bbox 1023 782 1195 847; x_wconf 89' lang='lat' dir='ltr'><strong>vocatus</strong></span> <span class='ocrx_word' id='word_1_31' title='bbox 1220 780 1314 863; x_wconf 86' lang='lat' dir='ltr'><strong>est,</strong></span> <span class='ocrx_word' id='word_1_32' title='bbox 1338 780 1402 858; x_wconf 89' lang='lat' dir='ltr'><strong>ut,</strong></span> <span class='ocrx_word' id='word_1_33' title='bbox 1431 796 1538 870; x_wconf 89' lang='lat' dir='ltr'><strong>quen·</strong></span> 
     </span>
     <span class='ocr_line' id='line_1_5' title="bbox 150 894 1537 995; baseline -0.007 -15"><span class='ocrx_word' id='word_1_34' title='bbox 150 901 404 980; x_wconf 84' lang='lat' dir='ltr'><strong>admodum</strong></span> <span class='ocrx_word' id='word_1_35' title='bbox 433 911 604 976; x_wconf 91' lang='lat' dir='ltr'><strong>nostro</strong></span> <span class='ocrx_word' id='word_1_36' title='bbox 633 921 762 973; x_wconf 91' lang='lat' dir='ltr'><strong>more</strong></span> <span class='ocrx_word' id='word_1_37' title='bbox 791 894 914 969; x_wconf 88' lang='lat' dir='ltr'><strong>male</strong></span> <span class='ocrx_word' id='word_1_38' title='bbox 943 896 1404 994; x_wconf 89' lang='lat' dir='ltr'><strong>remgerentibus</strong></span> <span class='ocrx_word' id='word_1_39' title='bbox 1432 899 1537 995; x_wconf 87' lang='lat' dir='ltr'><strong>patri-</strong></span> 
     </span>
     <span class='ocr_line' id='line_1_6' title="bbox 149 1019 1539 1122; baseline -0.004 -19"><span class='ocrx_word' id='word_1_40' title='bbox 149 1028 241 1104; x_wconf 93' lang='lat' dir='ltr'><strong>bus</strong></span> <span class='ocrx_word' id='word_1_41' title='bbox 268 1027 415 1102; x_wconf 92' lang='lat' dir='ltr'><strong>bonis</strong></span> <span class='ocrx_word' id='word_1_42' title='bbox 443 1022 682 1101; x_wconf 76' lang='lat' dir='ltr'><strong>interdici</strong></span> <span class='ocrx_word' id='word_1_43' title='bbox 709 1021 861 1115; x_wconf 89' lang='lat' dir='ltr'><strong>solet,</strong></span> <span class='ocrx_word' id='word_1_44' title='bbox 896 1022 948 1096; x_wconf 88' lang='lat' dir='ltr'><strong>sic</strong></span> <span class='ocrx_word' id='word_1_45' title='bbox 976 1024 1081 1100; x_wconf 92' lang='lat' dir='ltr'><strong>illum</strong></span> <span class='ocrx_word' id='word_1_46' title='bbox 1110 1021 1236 1122; x_wconf 83' lang='lat' dir='ltr'><strong>quasi</strong></span> <span class='ocrx_word' id='word_1_47' title='bbox 1273 1019 1539 1120; x_wconf 70' lang='lat' dir='ltr'><strong>desipientem</strong></span> 
     </span>
     <span class='ocr_line' id='line_1_7' title="bbox 151 1145 1538 1248; baseline -0.004 -19"><span class='ocrx_word' id='word_1_48' title='bbox 151 1179 191 1229; x_wconf 89' lang='lat' dir='ltr'><strong>re</strong></span> <span class='ocrx_word' id='word_1_49' title='bbox 213 1151 387 1228; x_wconf 84' lang='lat' dir='ltr'><strong>familiari</strong></span> <span class='ocrx_word' id='word_1_50' title='bbox 406 1159 643 1226; x_wconf 88' lang='lat' dir='ltr'><strong>removerent</strong></span> <span class='ocrx_word' id='word_1_51' title='bbox 656 1145 815 1248; x_wconf 88' lang='lat' dir='ltr'><strong>judices.</strong></span> <span class='ocrx_word' id='word_1_52' title='bbox 854 1145 953 1220; x_wconf 84' lang='lat' dir='ltr'><strong>Tum</strong></span> <span class='ocrx_word' id='word_1_53' title='bbox 971 1172 1086 1223; x_wconf 84' lang='lat' dir='ltr'><strong>senex</strong></span> <span class='ocrx_word' id='word_1_54' title='bbox 1106 1145 1266 1222; x_wconf 88' lang='lat' dir='ltr'><strong>dicitur</strong></span> <span class='ocrx_word' id='word_1_55' title='bbox 1290 1171 1387 1221; x_wconf 92' lang='lat' dir='ltr'><strong>eam</strong></span> <span class='ocrx_word' id='word_1_56' title='bbox 1407 1146 1538 1229; x_wconf 82' lang='lat' dir='ltr'><strong>fabulm</strong></span> 
     </span>
     <span class='ocr_line' id='line_1_8' title="bbox 153 1270 1539 1379; baseline -0.004 -25"><span class='ocrx_word' id='word_1_57' title='bbox 153 1304 264 1379; x_wconf 92' lang='lat' dir='ltr'><strong>quam</strong></span> <span class='ocrx_word' id='word_1_58' title='bbox 283 1277 321 1351; x_wconf 94' lang='lat' dir='ltr'><strong>in</strong></span> <span class='ocrx_word' id='word_1_59' title='bbox 341 1274 514 1349; x_wconf 90' lang='lat' dir='ltr'><strong>manibus</strong></span> <span class='ocrx_word' id='word_1_60' title='bbox 533 1272 699 1349; x_wconf 92' lang='lat' dir='ltr'><strong>habebat</strong></span> <span class='ocrx_word' id='word_1_61' title='bbox 717 1284 754 1347; x_wconf 91' lang='lat' dir='ltr'><strong>et</strong></span> <span class='ocrx_word' id='word_1_62' title='bbox 778 1272 946 1372; x_wconf 86' lang='lat' dir='ltr'><strong>proxime</strong></span> <span class='ocrx_word' id='word_1_63' title='bbox 974 1275 1206 1372; x_wconf 81' lang='lat' dir='ltr'><strong>scripserat,</strong></span> <span class='ocrx_word' id='word_1_64' title='bbox 1245 1270 1453 1374; x_wconf 88' lang='lat' dir='ltr'><strong>Oedipum</strong></span> <span class='ocrx_word' id='word_1_65' title='bbox 1471 1273 1539 1351; x_wconf 81' lang='lat' dir='ltr'><strong>Colo</strong></span> 
     </span>
     <span class='ocr_line' id='line_1_9' title="bbox 151 1397 1539 1501; baseline -0.004 -23"><span class='ocrx_word' id='word_1_66' title='bbox 151 1429 284 1495; x_wconf 87' lang='lat' dir='ltr'><strong>neum,</strong></span> <span class='ocrx_word' id='word_1_67' title='bbox 313 1402 489 1476; x_wconf 78' lang='lat' dir='ltr'><strong>recitasse</strong></span> <span class='ocrx_word' id='word_1_68' title='bbox 510 1399 699 1501; x_wconf 91' lang='lat' dir='ltr'><strong>judicibus</strong></span> <span class='ocrx_word' id='word_1_69' title='bbox 728 1398 1010 1498; x_wconf 85' lang='lat' dir='ltr'><strong>quaesisseque,</strong></span> <span class='ocrx_word' id='word_1_70' title='bbox 1040 1425 1134 1473; x_wconf 93' lang='lat' dir='ltr'><strong>num</strong></span> <span class='ocrx_word' id='word_1_71' title='bbox 1165 1397 1277 1474; x_wconf 93' lang='lat' dir='ltr'><strong>illud</strong></span> <span class='ocrx_word' id='word_1_72' title='bbox 1310 1398 1473 1474; x_wconf 86' lang='lat' dir='ltr'><strong>carmen</strong></span> <span class='ocrx_word' id='word_1_73' title='bbox 1483 1400 1539 1474; x_wconf 83' lang='lat' dir='ltr'><strong>deri·</strong></span> 
     </span>
     <span class='ocr_line' id='line_1_10' title="bbox 152 1522 1542 1630; baseline -0.002 -27"><span class='ocrx_word' id='word_1_74' title='bbox 152 1527 289 1630; x_wconf 93' lang='lat' dir='ltr'><strong>pientis</strong></span> <span class='ocrx_word' id='word_1_75' title='bbox 318 1524 517 1601; x_wconf 89' lang='lat' dir='ltr'><strong>videretur.</strong></span> <span class='ocrx_word' id='word_1_76' title='bbox 556 1524 640 1616; x_wconf 82' lang='lat' dir='ltr'><strong>Quo</strong></span> <span class='ocrx_word' id='word_1_77' title='bbox 665 1522 841 1616; x_wconf 88' lang='lat' dir='ltr'><strong>recitato,</strong></span> <span class='ocrx_word' id='word_1_78' title='bbox 871 1524 1063 1599; x_wconf 85' lang='lat' dir='ltr'><strong>sententiis</strong></span> <span class='ocrx_word' id='word_1_79' title='bbox 1083 1523 1281 1623; x_wconf 90' lang='lat' dir='ltr'><strong>judicum</strong></span> <span class='ocrx_word' id='word_1_80' title='bbox 1303 1538 1369 1600; x_wconf 91' lang='lat' dir='ltr'><strong>est</strong></span> <span class='ocrx_word' id='word_1_81' title='bbox 1389 1525 1542 1600; x_wconf 76' lang='lat' dir='ltr'><strong>liberatus</strong></span> 
     </span>
    </p>
   </div>
   <div class='ocr_carea' id='block_1_3' title="bbox 154 1664 1546 2644">
    <p class='ocr_par' dir='ltr' id='par_1_3' title="bbox 154 1664 1546 2644">
     <span class='ocr_line' id='line_1_11' title="bbox 260 1664 1543 1767; baseline 0 -24"><span class='ocrx_word' id='word_1_82' title='bbox 260 1666 388 1743; x_wconf 86' lang='lat' dir='ltr'><strong>Simile</strong></span> <span class='ocrx_word' id='word_1_83' title='bbox 425 1666 513 1767; x_wconf 92' lang='lat' dir='ltr'><strong>quid</strong></span> <span class='ocrx_word' id='word_1_84' title='bbox 542 1664 719 1741; x_wconf 88' lang='lat' dir='ltr'><strong>accidisse</strong></span> <span class='ocrx_word' id='word_1_85' title='bbox 746 1665 962 1740; x_wconf 86' lang='lat' dir='ltr'><strong>Democrito</strong></span> <span class='ocrx_word' id='word_1_86' title='bbox 1000 1677 1127 1763; x_wconf 86' lang='lat' dir='ltr'><strong>narrat</strong></span> <span class='ocrx_word' id='word_1_87' title='bbox 1159 1667 1385 1765; x_wconf 86' lang='lat' dir='ltr'><strong>Diogenes</strong></span> <span class='ocrx_word' id='word_1_88' title='bbox 1414 1667 1543 1744; x_wconf 75' lang='lat' dir='ltr'><strong>Laerta</strong></span> 
     </span>
     <span class='ocr_line' id='line_1_12' title="bbox 155 1790 1545 1890; baseline -0.001 -20"><span class='ocrx_word' id='word_1_89' title='bbox 155 1793 242 1888; x_wconf 91' lang='lat' dir='ltr'><strong>(IX,</strong></span> <span class='ocrx_word' id='word_1_90' title='bbox 263 1792 462 1883; x_wconf 83' lang='lat'>38--39):</span> <span class='ocrx_word' id='word_1_91' title='bbox 491 1790 727 1867; x_wconf 89' lang='lat' dir='ltr'><strong>Democritus</strong></span> <span class='ocrx_word' id='word_1_92' title='bbox 755 1814 892 1889; x_wconf 91' lang='lat' dir='ltr'><strong>nempe</strong></span> <span class='ocrx_word' id='word_1_93' title='bbox 921 1802 1147 1890; x_wconf 90' lang='lat' dir='ltr'><strong>consumpta</strong></span> <span class='ocrx_word' id='word_1_94' title='bbox 1177 1791 1222 1865; x_wconf 93' lang='lat' dir='ltr'><strong>in</strong></span> <span class='ocrx_word' id='word_1_95' title='bbox 1247 1791 1463 1869; x_wconf 89' lang='lat' dir='ltr'><strong>itineribus</strong></span> <span class='ocrx_word' id='word_1_96' title='bbox 1478 1797 1545 1869; x_wconf 82' lang='lat' dir='ltr'><strong>onii</strong></span> 
     </span>
     <span class='ocr_line' id='line_1_13' title="bbox 155 1915 1545 2013; baseline -0.001 -17"><span class='ocrx_word' id='word_1_97' title='bbox 155 1947 194 1996; x_wconf 88' lang='lat' dir='ltr'><strong>re</strong></span> <span class='ocrx_word' id='word_1_98' title='bbox 225 1917 398 1995; x_wconf 84' lang='lat' dir='ltr'><strong>familiari</strong></span> <span class='ocrx_word' id='word_1_99' title='bbox 427 1915 545 1993; x_wconf 85' lang='lat' dir='ltr'><strong>redux</strong></span> <span class='ocrx_word' id='word_1_100' title='bbox 572 1916 611 1989; x_wconf 94' lang='lat' dir='ltr'><strong>in</strong></span> <span class='ocrx_word' id='word_1_101' title='bbox 640 1940 783 1990; x_wconf 86' lang='lat' dir='ltr'><strong>summa</strong></span> <span class='ocrx_word' id='word_1_102' title='bbox 811 1916 964 1991; x_wconf 89' lang='lat' dir='ltr'><strong>vivebat</strong></span> <span class='ocrx_word' id='word_1_103' title='bbox 991 1926 1175 2013; x_wconf 87' lang='lat' dir='ltr'><strong>egestate.</strong></span> <span class='ocrx_word' id='word_1_104' title='bbox 1219 1917 1369 2011; x_wconf 80' lang='lat' dir='ltr'><strong>Quum</strong></span> <span class='ocrx_word' id='word_1_105' title='bbox 1403 1946 1488 1995; x_wconf 85' lang='lat' dir='ltr'><strong>vero</strong></span> <span class='ocrx_word' id='word_1_106' title='bbox 1509 1922 1545 1995; x_wconf 87' lang='lat' dir='ltr'><strong>lex</strong></span> 
     </span>
     <span class='ocr_line' id='line_1_14' title="bbox 155 2040 1546 2146; baseline -0.003 -24"><span class='ocrx_word' id='word_1_107' title='bbox 155 2043 256 2146; x_wconf 89' lang='lat' dir='ltr'><strong>apud</strong></span> <span class='ocrx_word' id='word_1_108' title='bbox 274 2042 473 2121; x_wconf 83' lang='lat' dir='ltr'><strong>Abderitas</strong></span> <span class='ocrx_word' id='word_1_109' title='bbox 497 2052 614 2136; x_wconf 90' lang='lat' dir='ltr'><strong>esset,</strong></span> <span class='ocrx_word' id='word_1_110' title='bbox 644 2053 684 2116; x_wconf 89' lang='lat' dir='ltr'><strong>ut</strong></span> <span class='ocrx_word' id='word_1_111' title='bbox 712 2041 774 2139; x_wconf 92' lang='lat' dir='ltr'><strong>qui</strong></span> <span class='ocrx_word' id='word_1_112' title='bbox 804 2040 1069 2141; x_wconf 90' lang='lat' dir='ltr'><strong>patrimonium</strong></span> <span class='ocrx_word' id='word_1_113' title='bbox 1097 2041 1378 2144; x_wconf 84' lang='lat' dir='ltr'><strong>dilapidasset</strong></span> <span class='ocrx_word' id='word_1_114' title='bbox 1408 2046 1546 2143; x_wconf 74' lang='lat' dir='ltr'><strong>indignus</strong></span> 
     </span>
     <span class='ocr_line' id='line_1_15' title="bbox 154 2165 1544 2271; baseline 0 -26"><span class='ocrx_word' id='word_1_115' title='bbox 154 2169 345 2271; x_wconf 88' lang='lat' dir='ltr'><strong>sepultura</strong></span> <span class='ocrx_word' id='word_1_116' title='bbox 371 2167 410 2242; x_wconf 94' lang='lat' dir='ltr'><strong>in</strong></span> <span class='ocrx_word' id='word_1_117' title='bbox 437 2166 578 2266; x_wconf 89' lang='lat' dir='ltr'><strong>patriae</strong></span> <span class='ocrx_word' id='word_1_118' title='bbox 608 2166 745 2242; x_wconf 88' lang='lat' dir='ltr'><strong>finibus</strong></span> <span class='ocrx_word' id='word_1_119' title='bbox 774 2165 994 2260; x_wconf 88' lang='lat' dir='ltr'><strong>haberetur,</strong></span> <span class='ocrx_word' id='word_1_120' title='bbox 1023 2168 1282 2245; x_wconf 86' lang='lat' dir='ltr'><strong>Democritus</strong></span> <span class='ocrx_word' id='word_1_121' title='bbox 1318 2197 1373 2248; x_wconf 89' lang='lat' dir='ltr'><strong>ne</strong></span> <span class='ocrx_word' id='word_1_122' title='bbox 1402 2171 1544 2246; x_wconf 79' lang='lat' dir='ltr'><strong>adratis</strong></span> 
     </span>
     <span class='ocr_line' id='line_1_16' title="bbox 155 2290 1545 2397; baseline 0.003 -27"><span class='ocrx_word' id='word_1_123' title='bbox 155 2320 244 2371; x_wconf 89' lang='lat' dir='ltr'><strong>nem</strong></span> <span class='ocrx_word' id='word_1_124' title='bbox 271 2290 501 2368; x_wconf 90' lang='lat' dir='ltr'><strong>reddendam</strong></span> <span class='ocrx_word' id='word_1_125' title='bbox 526 2293 565 2367; x_wconf 94' lang='lat' dir='ltr'><strong>in</strong></span> <span class='ocrx_word' id='word_1_126' title='bbox 588 2294 652 2393; x_wconf 92' lang='lat' dir='ltr'><strong>jus</strong></span> <span class='ocrx_word' id='word_1_127' title='bbox 693 2301 910 2383; x_wconf 87' lang='lat' dir='ltr'><strong>vocaretur,</strong></span> <span class='ocrx_word' id='word_1_128' title='bbox 948 2293 1120 2368; x_wconf 89' lang='lat' dir='ltr'><strong>recitavit</strong></span> <span class='ocrx_word' id='word_1_129' title='bbox 1149 2292 1373 2373; x_wconf 89' lang='lat' dir='ltr'><strong>Abderitis</strong></span> <span class='ocrx_word' id='word_1_130' title='bbox 1401 2325 1545 2397; x_wconf 87' lang='lat' dir='ltr'><strong>magnun</strong></span> 
     </span>
     <span class='ocr_line' id='line_1_17' title="bbox 155 2419 1545 2520; baseline 0.003 -23"><span class='ocrx_word' id='word_1_131' title='bbox 155 2421 478 2512; x_wconf 90' lang='lat' dir='ltr'><strong>Diacosmum‚</strong></span> <span class='ocrx_word' id='word_1_132' title='bbox 499 2419 674 2494; x_wconf 90' lang='lat' dir='ltr'><strong>eximium</strong></span> <span class='ocrx_word' id='word_1_133' title='bbox 695 2445 799 2519; x_wconf 89' lang='lat' dir='ltr'><strong>opus.</strong></span> <span class='ocrx_word' id='word_1_134' title='bbox 830 2419 914 2512; x_wconf 76' lang='lat' dir='ltr'><strong>Quo</strong></span> <span class='ocrx_word' id='word_1_135' title='bbox 933 2420 1032 2495; x_wconf 91' lang='lat' dir='ltr'><strong>facto</strong></span> <span class='ocrx_word' id='word_1_136' title='bbox 1052 2419 1377 2520; x_wconf 90' lang='lat' dir='ltr'><strong>quingentorum</strong></span> <span class='ocrx_word' id='word_1_137' title='bbox 1398 2451 1545 2501; x_wconf 84' lang='lat' dir='ltr'><strong>summan</strong></span> 
     </span>
     <span class='ocr_line' id='line_1_18' title="bbox 155 2544 785 2644; baseline -0.008 -21"><span class='ocrx_word' id='word_1_138' title='bbox 155 2546 381 2623; x_wconf 87' lang='lat' dir='ltr'><strong>talentorum</strong></span> <span class='ocrx_word' id='word_1_139' title='bbox 399 2544 604 2643; x_wconf 89' lang='lat' dir='ltr'><strong>praemium</strong></span> <span class='ocrx_word' id='word_1_140' title='bbox 629 2544 785 2644; x_wconf 89' lang='lat' dir='ltr'><strong>accepit.</strong></span> 
     </span>
    </p>
   </div>
   <div class='ocr_carea' id='block_1_4' title="bbox 735 2753 975 2838">
    <p class='ocr_par' dir='ltr' id='par_1_4' title="bbox 735 2753 975 2838">
     <span class='ocr_line' id='line_1_19' title="bbox 735 2753 975 2838; baseline -0.004 -1"><span class='ocrx_word' id='word_1_141' title='bbox 735 2753 811 2838; x_wconf 77' lang='lat' dir='ltr'><strong>Ad</strong></span> <span class='ocrx_word' id='word_1_142' title='bbox 832 2756 975 2837; x_wconf 77' lang='lat'><strong>1³4⁷.</strong></span> 
     </span>
    </p>
   </div>
   <div class='ocr_carea' id='block_1_5' title="bbox 150 2923 1561 5052">
    <p class='ocr_par' dir='ltr' id='par_1_5' title="bbox 150 2923 1557 4130">
     <span class='ocr_line' id='line_1_20' title="bbox 266 2923 1548 3030; baseline 0.005 -30"><span class='ocrx_word' id='word_1_143' title='bbox 266 2923 388 3000; x_wconf 90' lang='lat' dir='ltr'><strong>Heff</strong></span> <span class='ocrx_word' id='word_1_144' title='bbox 394 2934 467 2999; x_wconf 91' lang='lat' dir='ltr'><strong>ter</strong></span> <span class='ocrx_word' id='word_1_145' title='bbox 487 2924 577 3015; x_wconf 89' lang='lat' dir='ltr'><strong>(Die</strong></span> <span class='ocrx_word' id='word_1_146' title='bbox 598 2924 719 2999; x_wconf 89' lang='lat' dir='ltr'><strong>athen.</strong></span> <span class='ocrx_word' id='word_1_147' title='bbox 732 2923 1137 3027; x_wconf 78' lang='lat' dir='ltr'><strong>Gerichtsverfassung</strong></span> <span class='ocrx_word' id='word_1_148' title='bbox 1156 2956 1197 3029; x_wconf 89' lang='lat' dir='ltr'><strong>p.</strong></span> <span class='ocrx_word' id='word_1_149' title='bbox 1214 2930 1315 3030; x_wconf 87' lang='grc'>74),</span> <span class='ocrx_word' id='word_1_150' title='bbox 1338 2936 1436 3011; x_wconf 91' lang='lat' dir='ltr'><strong>item</strong></span> <span class='ocrx_word' id='word_1_151' title='bbox 1456 2935 1548 3008; x_wconf 85' lang='lat' dir='ltr'><strong>Plat-</strong></span> 
     </span>
     <span class='ocr_line' id='line_1_21' title="bbox 157 3048 1549 3154; baseline 0.005 -28"><span class='ocrx_word' id='word_1_152' title='bbox 157 3077 243 3126; x_wconf 91' lang='lat' dir='ltr'><strong>ner</strong></span> <span class='ocrx_word' id='word_1_153' title='bbox 263 3048 457 3145; x_wconf 71' lang='lat' dir='ltr'><strong>(Beitrbge</strong></span> <span class='ocrx_word' id='word_1_154' title='bbox 478 3073 541 3121; x_wconf 86' lang='lat' dir='ltr'><strong>zur</strong></span> <span class='ocrx_word' id='word_1_155' title='bbox 561 3049 769 3124; x_wconf 88' lang='lat' dir='ltr'><strong>Kenntniss</strong></span> <span class='ocrx_word' id='word_1_156' title='bbox 790 3050 856 3125; x_wconf 91' lang='lat' dir='ltr'><strong>des</strong></span> <span class='ocrx_word' id='word_1_157' title='bbox 876 3063 940 3126; x_wconf 89' lang='lat' dir='ltr'><strong>att.</strong></span> <span class='ocrx_word' id='word_1_158' title='bbox 960 3052 1122 3127; x_wconf 85' lang='lat' dir='ltr'><strong>Rechtes</strong></span> <span class='ocrx_word' id='word_1_159' title='bbox 1143 3081 1182 3154; x_wconf 94' lang='lat' dir='ltr'><strong>p.</strong></span> <span class='ocrx_word' id='word_1_160' title='bbox 1207 3057 1323 3152; x_wconf 88' lang='grc'>118)</span> <span class='ocrx_word' id='word_1_161' title='bbox 1347 3075 1390 3138; x_wconf 89' lang='lat' dir='ltr'><strong>et</strong></span> <span class='ocrx_word' id='word_1_162' title='bbox 1411 3061 1549 3138; x_wconf 80' lang='lat' dir='ltr'><strong>antehc</strong></span> 
     </span>
     <span class='ocr_line' id='line_1_22' title="bbox 150 3171 1550 3282; baseline 0.003 -32"><span class='ocrx_word' id='word_1_163' title='bbox 150 3178 231 3277; x_wconf 93' lang='lat' dir='ltr'><strong>jam</strong></span> <span class='ocrx_word' id='word_1_164' title='bbox 241 3171 415 3248; x_wconf 87' lang='lat' dir='ltr'><strong>Reiskius</strong></span> <span class='ocrx_word' id='word_1_165' title='bbox 434 3174 616 3268; x_wconf 78' lang='grc' dir='ltr'><strong><em>ἐπιτρίψῃ</em></strong></span> <span class='ocrx_word' id='word_1_166' title='bbox 635 3172 682 3247; x_wconf 90' lang='lat' dir='ltr'><strong>ad</strong></span> <span class='ocrx_word' id='word_1_167' title='bbox 701 3174 817 3250; x_wconf 87' lang='lat' dir='ltr'><strong>filiam</strong></span> <span class='ocrx_word' id='word_1_168' title='bbox 836 3175 1096 3251; x_wconf 89' lang='lat' dir='ltr'><strong>hereditariam</strong></span> <span class='ocrx_word' id='word_1_169' title='bbox 1115 3179 1318 3282; x_wconf 88' lang='lat' dir='ltr'><strong>referunt,</strong></span> <span class='ocrx_word' id='word_1_170' title='bbox 1345 3214 1396 3264; x_wconf 85' lang='lat' dir='ltr'><strong>ac</strong></span> <span class='ocrx_word' id='word_1_171' title='bbox 1417 3190 1449 3263; x_wconf 92' lang='lat' dir='ltr'><strong>si</strong></span> <span class='ocrx_word' id='word_1_172' title='bbox 1467 3196 1550 3262; x_wconf 78' lang='lat' dir='ltr'><strong>essu:</strong></span> 
     </span>
     <span class='ocr_line' id='line_1_23' title="bbox 158 3292 1552 3412; baseline 0.006 -38"><span class='ocrx_word' id='word_1_173' title='bbox 158 3300 338 3394; x_wconf 78' lang='grc' dir='ltr'><strong><em>ἐπιτρέψῃ</em></strong></span> <span class='ocrx_word' id='word_1_174' title='bbox 358 3292 507 3384; x_wconf 76' lang='grc' dir='ltr'><em>ἑαυτήν.</em></span> <span class='ocrx_word' id='word_1_175' title='bbox 546 3295 792 3396; x_wconf 81' lang='lat' dir='ltr'><strong>Schellingius</strong></span> <span class='ocrx_word' id='word_1_176' title='bbox 814 3300 889 3392; x_wconf 88' lang='lat' dir='ltr'><strong>(De</strong></span> <span class='ocrx_word' id='word_1_177' title='bbox 909 3300 1058 3377; x_wconf 86' lang='lat' dir='ltr'><strong>Solonis</strong></span> <span class='ocrx_word' id='word_1_178' title='bbox 1078 3302 1240 3399; x_wconf 88' lang='lat' dir='ltr'><strong>legibus</strong></span> <span class='ocrx_word' id='word_1_179' title='bbox 1262 3336 1305 3410; x_wconf 90' lang='lat' dir='ltr'><strong>p.</strong></span> <span class='ocrx_word' id='word_1_180' title='bbox 1331 3311 1415 3409; x_wconf 86' lang='grc'><strong>97)</strong></span> <span class='ocrx_word' id='word_1_181' title='bbox 1446 3314 1552 3412; x_wconf 76' lang='lat' dir='ltr'><strong>rejects</strong></span> 
     </span>
     <span class='ocr_line' id='line_1_24' title="bbox 157 3415 1552 3531; baseline 0.005 -28"><span class='ocrx_word' id='word_1_182' title='bbox 157 3428 228 3503; x_wconf 88' lang='lat' dir='ltr'><strong>hac</strong></span> <span class='ocrx_word' id='word_1_183' title='bbox 246 3423 443 3526; x_wconf 90' lang='lat' dir='ltr'><strong>opinione,</strong></span> <span class='ocrx_word' id='word_1_184' title='bbox 472 3450 540 3523; x_wconf 94' lang='lat' dir='ltr'><strong>pro</strong></span> <span class='ocrx_word' id='word_1_185' title='bbox 569 3415 639 3495; x_wconf 68' lang='lat' dir='ltr'><strong>ab</strong></span> <span class='ocrx_word' id='word_1_186' title='bbox 665 3417 703 3496; x_wconf 83' lang='grc' dir='ltr'><strong>δὲ</strong></span> <span class='ocrx_word' id='word_1_187' title='bbox 728 3420 783 3519; x_wconf 73' lang='grc' dir='ltr'><strong>μή</strong></span> <span class='ocrx_word' id='word_1_188' title='bbox 812 3415 837 3519; x_wconf 82' lang='grc' dir='ltr'><strong><em>ᾗ</em></strong></span> <span class='ocrx_word' id='word_1_189' title='bbox 865 3425 1069 3523; x_wconf 88' lang='lat' dir='ltr'><strong>legendum</strong></span> <span class='ocrx_word' id='word_1_190' title='bbox 1097 3426 1348 3512; x_wconf 89' lang='lat' dir='ltr'><strong>arbitratur:</strong></span> <span class='ocrx_word' id='word_1_191' title='bbox 1382 3434 1455 3512; x_wconf 81' lang='grc' dir='ltr'><strong>ἐὰν</strong></span> <span class='ocrx_word' id='word_1_192' title='bbox 1473 3429 1552 3531; x_wconf 65' lang='grc' dir='ltr'><strong>δὲμὴ</strong></span> 
     </span>
     <span class='ocr_line' id='line_1_25' title="bbox 159 3546 1553 3650; baseline 0.007 -24"><span class='ocrx_word' id='word_1_193' title='bbox 159 3552 250 3646; x_wconf 68' lang='grc' dir='ltr'><strong>ἔχῃ,</strong></span> <span class='ocrx_word' id='word_1_194' title='bbox 279 3560 321 3625; x_wconf 91' lang='lat' dir='ltr'><strong>ut</strong></span> <span class='ocrx_word' id='word_1_195' title='bbox 347 3548 394 3623; x_wconf 90' lang='lat' dir='ltr'><strong>ad</strong></span> <span class='ocrx_word' id='word_1_196' title='bbox 424 3548 515 3624; x_wconf 90' lang='lat' dir='ltr'><strong>haec</strong></span> <span class='ocrx_word' id='word_1_197' title='bbox 543 3548 660 3625; x_wconf 86' lang='lat' dir='ltr'><strong>verba</strong></span> <span class='ocrx_word' id='word_1_198' title='bbox 686 3550 915 3650; x_wconf 85' lang='lat' dir='ltr'><strong>intelligatur</strong></span> <span class='ocrx_word' id='word_1_199' title='bbox 941 3546 1096 3645; x_wconf 80' lang='grc' dir='ltr'>κύριος,</span> <span class='ocrx_word' id='word_1_200' title='bbox 1127 3567 1167 3628; x_wconf 92' lang='lat' dir='ltr'><strong>et</strong></span> <span class='ocrx_word' id='word_1_201' title='bbox 1194 3567 1313 3637; x_wconf 89' lang='lat' dir='ltr'><strong>totus</strong></span> <span class='ocrx_word' id='word_1_202' title='bbox 1337 3564 1452 3641; x_wconf 88' lang='lat' dir='ltr'><strong>locus</strong></span> <span class='ocrx_word' id='word_1_203' title='bbox 1471 3567 1553 3640; x_wconf 81' lang='lat' dir='ltr'><strong>inter-</strong></span> 
     </span>
     <span class='ocr_line' id='line_1_26' title="bbox 158 3674 1554 3784; baseline 0.007 -31"><span class='ocrx_word' id='word_1_204' title='bbox 158 3675 361 3782; x_wconf 89' lang='lat' dir='ltr'><strong>pretandus</strong></span> <span class='ocrx_word' id='word_1_205' title='bbox 380 3677 446 3751; x_wconf 87' lang='lat' dir='ltr'><strong>sit:</strong></span> <span class='ocrx_word' id='word_1_206' title='bbox 477 3675 533 3772; x_wconf 79' lang='lat' dir='ltr'><strong>„si</strong></span> <span class='ocrx_word' id='word_1_207' title='bbox 562 3674 695 3750; x_wconf 90' lang='lat' dir='ltr'><strong>horum</strong></span> <span class='ocrx_word' id='word_1_208' title='bbox 724 3702 834 3752; x_wconf 92' lang='lat' dir='ltr'><strong>nemo</strong></span> <span class='ocrx_word' id='word_1_209' title='bbox 866 3679 1048 3778; x_wconf 85' lang='lat' dir='ltr'><strong>supersit,</strong></span> <span class='ocrx_word' id='word_1_210' title='bbox 1077 3678 1107 3754; x_wconf 93' lang='lat' dir='ltr'><strong>si</strong></span> <span class='ocrx_word' id='word_1_211' title='bbox 1128 3705 1234 3777; x_wconf 89' lang='lat' dir='ltr'><strong>quae</strong></span> <span class='ocrx_word' id='word_1_212' title='bbox 1257 3687 1393 3784; x_wconf 91' lang='lat' dir='ltr'><strong>igitur</strong></span> <span class='ocrx_word' id='word_1_213' title='bbox 1412 3692 1502 3768; x_wconf 89' lang='lat' dir='ltr'><strong>orba</strong></span> <span class='ocrx_word' id='word_1_214' title='bbox 1516 3689 1554 3764; x_wconf 84' lang='lat' dir='ltr'><strong>sit</strong></span> 
     </span>
     <span class='ocr_line' id='line_1_27' title="bbox 160 3793 1556 3907; baseline 0.007 -30"><span class='ocrx_word' id='word_1_215' title='bbox 160 3793 181 3877; x_wconf 84' lang='grc' dir='ltr'>ὁ</span> <span class='ocrx_word' id='word_1_216' title='bbox 203 3797 337 3897; x_wconf 77' lang='grc' dir='ltr'><strong><em>κύριος</em></strong></span> <span class='ocrx_word' id='word_1_217' title='bbox 357 3801 411 3894; x_wconf 89' lang='lat' dir='ltr'><strong>(is</strong></span> <span class='ocrx_word' id='word_1_218' title='bbox 431 3802 493 3900; x_wconf 92' lang='lat' dir='ltr'><strong>qui</strong></span> <span class='ocrx_word' id='word_1_219' title='bbox 512 3803 702 3903; x_wconf 92' lang='lat' dir='ltr'><strong>proximus</strong></span> <span class='ocrx_word' id='word_1_220' title='bbox 723 3813 778 3878; x_wconf 91' lang='lat' dir='ltr'><strong>est</strong></span> <span class='ocrx_word' id='word_1_221' title='bbox 797 3805 951 3902; x_wconf 88' lang='lat' dir='ltr'><strong>virginis</strong></span> <span class='ocrx_word' id='word_1_222' title='bbox 976 3806 1182 3901; x_wconf 87' lang='lat' dir='ltr'><strong>cognatus)</strong></span> <span class='ocrx_word' id='word_1_223' title='bbox 1206 3833 1305 3887; x_wconf 87' lang='lat' dir='ltr'><strong>eam</strong></span> <span class='ocrx_word' id='word_1_224' title='bbox 1329 3815 1496 3907; x_wconf 86' lang='lat' dir='ltr'><strong>habeat;</strong></span> <span class='ocrx_word' id='word_1_225' title='bbox 1518 3817 1556 3889; x_wconf 85' lang='lat' dir='ltr'><strong>sir</strong></span> 
     </span>
     <span class='ocr_line' id='line_1_28' title="bbox 157 3911 1557 4038; baseline 0.005 -31"><span class='ocrx_word' id='word_1_226' title='bbox 157 3956 234 4007; x_wconf 91' lang='lat' dir='ltr'><strong>non</strong></span> <span class='ocrx_word' id='word_1_227' title='bbox 253 3925 392 4002; x_wconf 89' lang='lat' dir='ltr'><strong>habeat</strong></span> <span class='ocrx_word' id='word_1_228' title='bbox 415 3923 571 4017; x_wconf 79' lang='lat' dir='ltr'><strong>(beai</strong></span> <span class='ocrx_word' id='word_1_229' title='bbox 593 3953 676 4003; x_wconf 91' lang='lat' dir='ltr'><strong>earn</strong></span> <span class='ocrx_word' id='word_1_230' title='bbox 694 3927 832 4004; x_wconf 89' lang='lat' dir='ltr'><strong>habere</strong></span> <span class='ocrx_word' id='word_1_231' title='bbox 854 3929 966 4021; x_wconf 83' lang='lat' dir='ltr'><strong>nolit)</strong></span> <span class='ocrx_word' id='word_1_232' title='bbox 995 3931 1045 4022; x_wconf 88' lang='lat' dir='ltr'><strong>is,</strong></span> <span class='ocrx_word' id='word_1_233' title='bbox 1077 3929 1137 4005; x_wconf 90' lang='lat' dir='ltr'><strong>cui</strong></span> <span class='ocrx_word' id='word_1_234' title='bbox 1158 3957 1254 4012; x_wconf 86' lang='lat' dir='ltr'><strong>eam</strong></span> <span class='ocrx_word' id='word_1_235' title='bbox 1277 3941 1442 4038; x_wconf 86' lang='lat' dir='ltr'><strong>tradat,</strong></span> <span class='ocrx_word' id='word_1_236' title='bbox 1471 3911 1557 4019; x_wconf 87' lang='lat' dir='ltr'><strong>doni-</strong></span> 
     </span>
     <span class='ocr_line' id='line_1_29' title="bbox 158 4051 593 4130; baseline -0.007 0"><span class='ocrx_word' id='word_1_237' title='bbox 158 4080 228 4130; x_wconf 92' lang='lat' dir='ltr'><strong>nus</strong></span> <span class='ocrx_word' id='word_1_238' title='bbox 248 4063 284 4128; x_wconf 92' lang='lat' dir='ltr'><strong>et</strong></span> <span class='ocrx_word' id='word_1_239' title='bbox 303 4051 458 4126; x_wconf 90' lang='lat' dir='ltr'><strong>maritus</strong></span> <span class='ocrx_word' id='word_1_240' title='bbox 477 4053 593 4127; x_wconf 86' lang='lat' dir='ltr'><strong>esto.“</strong></span> 
     </span>
    </p>

    <p class='ocr_par' dir='ltr' id='par_1_6' title="bbox 157 4176 1561 4905">
     <span class='ocr_line' id='line_1_30' title="bbox 266 4176 1560 4288; baseline 0.011 -37"><span class='ocrx_word' id='word_1_241' title='bbox 266 4176 481 4253; x_wconf 88' lang='lat' dir='ltr'><strong>Secundum</strong></span> <span class='ocrx_word' id='word_1_242' title='bbox 509 4178 740 4256; x_wconf 89' lang='lat' dir='ltr'><strong>Platonis</strong></span> <span class='ocrx_word' id='word_1_243' title='bbox 770 4181 928 4281; x_wconf 86' lang='lat' dir='ltr'><strong>Leges</strong></span> <span class='ocrx_word' id='word_1_244' title='bbox 958 4182 1070 4276; x_wconf 83' lang='grc'>(774,</span> <span class='ocrx_word' id='word_1_245' title='bbox 1090 4183 1164 4278; x_wconf 84' lang='grc' dir='ltr'><strong>Ε),</strong></span> <span class='ocrx_word' id='word_1_246' title='bbox 1196 4192 1379 4288; x_wconf 91' lang='lat' dir='ltr'><strong>sponsio</strong></span> <span class='ocrx_word' id='word_1_247' title='bbox 1412 4194 1560 4273; x_wconf 79' lang='lat' dir='ltr'><strong>firmasit</strong></span> 
     </span>
     <span class='ocr_line' id='line_1_31' title="bbox 158 4303 1558 4424; baseline 0.011 -45"><span class='ocrx_word' id='word_1_248' title='bbox 158 4305 318 4406; x_wconf 88' lang='lat' dir='ltr'><strong>primum</strong></span> <span class='ocrx_word' id='word_1_249' title='bbox 337 4303 473 4404; x_wconf 88' lang='lat' dir='ltr'><strong>patris,</strong></span> <span class='ocrx_word' id='word_1_250' title='bbox 503 4304 667 4380; x_wconf 90' lang='lat' dir='ltr'><strong>secundo</strong></span> <span class='ocrx_word' id='word_1_251' title='bbox 686 4306 769 4381; x_wconf 89' lang='lat' dir='ltr'><strong>loco</strong></span> <span class='ocrx_word' id='word_1_252' title='bbox 789 4307 868 4400; x_wconf 89' lang='lat' dir='ltr'><strong>avi,</strong></span> <span class='ocrx_word' id='word_1_253' title='bbox 895 4307 1005 4384; x_wconf 89' lang='lat' dir='ltr'><strong>tertio</strong></span> <span class='ocrx_word' id='word_1_254' title='bbox 1025 4308 1185 4385; x_wconf 85' lang='lat' dir='ltr'><strong>fratrum</strong></span> <span class='ocrx_word' id='word_1_255' title='bbox 1205 4315 1366 4395; x_wconf 86' lang='lat' dir='ltr'><strong>eodem</strong></span> <span class='ocrx_word' id='word_1_256' title='bbox 1388 4334 1497 4424; x_wconf 89' lang='lat' dir='ltr'><strong>patre</strong></span> <span class='ocrx_word' id='word_1_257' title='bbox 1514 4347 1558 4396; x_wconf 87' lang='lat' dir='ltr'><strong>ru·</strong></span> 
     </span>
     <span class='ocr_line' id='line_1_32' title="bbox 158 4415 1559 4537; baseline 0.009 -32"><span class='ocrx_word' id='word_1_258' title='bbox 158 4440 282 4505; x_wconf 87' lang='lat' dir='ltr'><strong>torum</strong></span> <span class='ocrx_word' id='word_1_259' title='bbox 304 4415 617 4524; x_wconf 71' lang='grc' dir='ltr'>(ὁμοπατρίων),</span> <span class='ocrx_word' id='word_1_260' title='bbox 646 4431 703 4505; x_wconf 93' lang='lat' dir='ltr'><strong>sin</strong></span> <span class='ocrx_word' id='word_1_261' title='bbox 721 4432 845 4507; x_wconf 91' lang='lat' dir='ltr'><strong>nullus</strong></span> <span class='ocrx_word' id='word_1_262' title='bbox 865 4431 998 4508; x_wconf 87' lang='lat' dir='ltr'><strong>horum</strong></span> <span class='ocrx_word' id='word_1_263' title='bbox 1018 4445 1212 4535; x_wconf 89' lang='lat' dir='ltr'><strong>superstes</strong></span> <span class='ocrx_word' id='word_1_264' title='bbox 1236 4455 1327 4537; x_wconf 90' lang='lat' dir='ltr'><strong>est,</strong></span> <span class='ocrx_word' id='word_1_265' title='bbox 1352 4448 1407 4522; x_wconf 85' lang='lat' dir='ltr'><strong>ad</strong></span> <span class='ocrx_word' id='word_1_266' title='bbox 1429 4463 1559 4524; x_wconf 84' lang='lat' dir='ltr'><strong>manen</strong></span> 
     </span>
     <span class='ocr_line' id='line_1_33' title="bbox 159 4554 1561 4657; baseline 0.009 -27"><span class='ocrx_word' id='word_1_267' title='bbox 159 4554 294 4631; x_wconf 90' lang='lat' dir='ltr'><strong>deinde</strong></span> <span class='ocrx_word' id='word_1_268' title='bbox 322 4565 487 4630; x_wconf 91' lang='lat' dir='ltr'><strong>transeat</strong></span> <span class='ocrx_word' id='word_1_269' title='bbox 515 4556 595 4657; x_wconf 88' lang='lat' dir='ltr'><strong>pari</strong></span> <span class='ocrx_word' id='word_1_270' title='bbox 621 4557 816 4654; x_wconf 84' lang='lat' dir='ltr'><strong>firmitate;</strong></span> <span class='ocrx_word' id='word_1_271' title='bbox 843 4558 993 4634; x_wconf 88' lang='lat' dir='ltr'><strong>insolita</strong></span> <span class='ocrx_word' id='word_1_272' title='bbox 1020 4571 1145 4635; x_wconf 87' lang='lat' dir='ltr'><strong>autern</strong></span> <span class='ocrx_word' id='word_1_273' title='bbox 1176 4568 1403 4648; x_wconf 85' lang='lat' dir='ltr'><strong>accidente</strong></span> <span class='ocrx_word' id='word_1_274' title='bbox 1435 4577 1561 4650; x_wconf 83' lang='lat' dir='ltr'><strong>fortuna</strong></span> 
     </span>
     <span class='ocr_line' id='line_1_34' title="bbox 159 4680 1560 4784; baseline 0.012 -28"><span class='ocrx_word' id='word_1_275' title='bbox 159 4682 303 4781; x_wconf 87' lang='lat' dir='ltr'><strong>aliqua,</strong></span> <span class='ocrx_word' id='word_1_276' title='bbox 324 4689 365 4753; x_wconf 92' lang='lat' dir='ltr'><strong>ut</strong></span> <span class='ocrx_word' id='word_1_277' title='bbox 384 4680 520 4779; x_wconf 90' lang='lat' dir='ltr'><strong>quique</strong></span> <span class='ocrx_word' id='word_1_278' title='bbox 539 4707 677 4779; x_wconf 88' lang='lat' dir='ltr'><strong>genere</strong></span> <span class='ocrx_word' id='word_1_279' title='bbox 699 4684 857 4784; x_wconf 87' lang='lat' dir='ltr'><strong>proximi</strong></span> <span class='ocrx_word' id='word_1_280' title='bbox 878 4696 983 4778; x_wconf 88' lang='lat' dir='ltr'><strong>sunt,</strong></span> <span class='ocrx_word' id='word_1_281' title='bbox 1007 4686 1058 4759; x_wconf 90' lang='lat' dir='ltr'><strong>ita</strong></span> <span class='ocrx_word' id='word_1_282' title='bbox 1077 4687 1293 4768; x_wconf 88' lang='lat' dir='ltr'><strong>firmissimi</strong></span> <span class='ocrx_word' id='word_1_283' title='bbox 1316 4699 1402 4774; x_wconf 91' lang='lat' dir='ltr'><strong>sint</strong></span> <span class='ocrx_word' id='word_1_284' title='bbox 1423 4727 1506 4776; x_wconf 90' lang='lat' dir='ltr'><strong>cum</strong></span> <span class='ocrx_word' id='word_1_285' title='bbox 1522 4712 1560 4773; x_wconf 90' lang='lat' dir='ltr'><strong>tu·</strong></span> 
     </span>
     <span class='ocr_line' id='line_1_35' title="bbox 157 4808 530 4905; baseline -0.011 -22"><span class='ocrx_word' id='word_1_286' title='bbox 157 4808 301 4883; x_wconf 87' lang='lat' dir='ltr'><strong>toribus</strong></span> <span class='ocrx_word' id='word_1_287' title='bbox 320 4831 530 4905; x_wconf 88' lang='lat' dir='ltr'><strong>sponsores.</strong></span> 
     </span>
    </p>

    <p class='ocr_par' dir='ltr' id='par_1_7' title="bbox 265 4929 1559 5052">
     <span class='ocr_line' id='line_1_36' title="bbox 265 4929 1559 5052; baseline 0.019 -47"><span class='ocrx_word' id='word_1_288' title='bbox 265 4931 373 5008; x_wconf 91' lang='lat' dir='ltr'><strong>Plato</strong></span> <span class='ocrx_word' id='word_1_289' title='bbox 392 4929 505 5029; x_wconf 86' lang='lat' dir='ltr'><strong>igitur</strong></span> <span class='ocrx_word' id='word_1_290' title='bbox 523 4941 680 5008; x_wconf 89' lang='lat' dir='ltr'><strong>matrem</strong></span> <span class='ocrx_word' id='word_1_291' title='bbox 697 4945 958 5034; x_wconf 88' lang='lat' dir='ltr'><strong>maternosque</strong></span> <span class='ocrx_word' id='word_1_292' title='bbox 978 4947 1154 5034; x_wconf 85' lang='lat' dir='ltr'><strong>cognatos</strong></span> <span class='ocrx_word' id='word_1_293' title='bbox 1177 4938 1252 5028; x_wconf 83' lang='lat' dir='ltr'><strong>iis,</strong></span> <span class='ocrx_word' id='word_1_294' title='bbox 1289 4952 1362 5048; x_wconf 94' lang='lat' dir='ltr'><strong>qui</strong></span> <span class='ocrx_word' id='word_1_295' title='bbox 1386 4953 1502 5028; x_wconf 88' lang='lat' dir='ltr'><strong>filiam</strong></span> <span class='ocrx_word' id='word_1_296' title='bbox 1514 4954 1559 5052; x_wconf 86' lang='lat' dir='ltr'><strong>ju-</strong></span> 
     </span>
    </p>
   </div>
   <div class='ocr_carea' id='block_1_6' title="bbox 157 5057 1560 5194">
    <p class='ocr_par' dir='ltr' id='par_1_8' title="bbox 157 5057 1560 5194">
     <span class='ocr_line' id='line_1_37' title="bbox 157 5057 1560 5194; baseline 0.016 -61"><span class='ocrx_word' id='word_1_297' title='bbox 157 5084 196 5134; x_wconf 91' lang='lat' dir='ltr'><strong>re</strong></span> <span class='ocrx_word' id='word_1_298' title='bbox 217 5057 429 5151; x_wconf 87' lang='lat' dir='ltr'><strong>elocabant,</strong></span> <span class='ocrx_word' id='word_1_299' title='bbox 456 5057 715 5156; x_wconf 82' lang='lat' dir='ltr'><strong>adjungendo,</strong></span> <span class='ocrx_word' id='word_1_300' title='bbox 745 5061 913 5143; x_wconf 86' lang='lat' dir='ltr'><strong>feminini</strong></span> <span class='ocrx_word' id='word_1_301' title='bbox 932 5065 1081 5162; x_wconf 89' lang='lat' dir='ltr'><strong>generis</strong></span> <span class='ocrx_word' id='word_1_302' title='bbox 1100 5068 1396 5164; x_wconf 83' lang='lat' dir='ltr'><strong>aequalitatem</strong></span> <span class='ocrx_word' id='word_1_303' title='bbox 1418 5081 1560 5194; x_wconf 84' lang='lat' dir='ltr'><strong>quodum</strong></span> 
     </span>
    </p>
   </div>
   <div class='ocr_carea' id='block_1_7' title="bbox 0 0 1712 5782">
    <p class='ocr_par' dir='ltr' id='par_1_9' title="bbox 0 0 1712 5782">
     <span class='ocr_line' id='line_1_38' title="bbox 0 0 1712 5782; baseline 0 0"><span class='ocrx_word' id='word_1_304' title='bbox 0 0 1712 5782; x_wconf 95' lang='lat' dir='ltr'><strong> </strong></span> 
     </span>
    </p>
   </div>
  </div>
 </body>
</html>
