3436 5790
572 445 624 500 ou
645 443 799 509 ouum
813 443 863 499 ιτ
879 441 1139 514 operariorum
1473 427 1547 505 341

799 634 913 719 1317.

272 782 478 887 Propingui
496 792 583 862 suut
601 783 666 883 qui
685 808 704 858 e
724 781 903 863 fratribus
922 793 961 858 et
979 781 1233 884 patruelibus,
1260 785 1351 861 item
1370 811 1389 862 e
1409 789 1551 888 patruis

165 903 202 989 et
220 911 414 989 avunoulis
431 909 553 1011 gradu
571 907 742 1012 proximo
763 907 987 1007 contingunt
1005 908 1242 1008 defunctum
1260 912 1326 1013 qui
1344 923 1468 989 autem
1488 941 1549 991 ex·

163 1047 221 1149 tra
237 1037 327 1133 hos,
353 1048 441 1114 sunt
459 1036 641 1114 duntaxat
666 1032 879 1133 cognati.
916 1031 967 1111 At
994 1035 1059 1134 qui
1090 1060 1158 1138 per
1176 1047 1405 1114 contractum
1423 1042 1549 1116 matri-

163 1162 326 1241 monium
344 1160 492 1241 familiis
512 1160 670 1242 admixti
689 1169 796 1256 suut,
831 1158 1004 1236 dicuntur
1029 1157 1318 1240 familiares.

796 1321 911 1398 1318.

263 1441 315 1524 ‘0
333 1444 449 1547 νόμας
467 1443 535 1533 τάς
553 1441 773 1551 ἀγχιστείας
793 1453 873 1532 τοῖς
891 1440 1087 1550 ἐγγυτάτω
1106 1449 1206 1551 γένει
1226 1441 1450 1521 ἀποδίδωσι.

868 1575 1082 1671 (Demosth.
1103 1562 1283 1654 Leochar.
1308 1577 1442 1671 1081.)

782 1734 919 1816 ,1313
956 1784 959 1789 -

269 1863 349 1942 Lex
368 1887 508 1965 genere
527 1861 707 1965 proximis
719 1861 782 1965 jus
802 1816 1089 1966 propinguitatis
1110 1862 1246 1941 tribuit.

795 2020 910 2101 1319.

272 2145 361 2224 Οὐκ
387 2155 574 2255 ἐγγυτέρω
602 2147 668 2240 τῆς
696 2144 916 2253 ἀγχιστείας
945 2152 1044 2224 εἰσιν
1071 2147 1220 2248 viperei
1239 2182 1343 2242 τινας
1362 2153 1504 2251 φάντες
1525 2149 1550 2249 ἢ

164 2278 199 2351 oi
218 2276 265 2350 έιι
282 2304 386 2362 τινος
405 2273 623 2380 γεγονότες·
655 2276 691 2349 οὶ
715 2277 792 2373 μέν
817 2271 893 2378 γάρ
921 2268 1181 2372 ὀνομάζονται
1207 2291 1425 2383 συγγενεῖς,
1456 2285 1492 2357 οἱ
1513 2280 1548 2355 δ’

163 2403 334 2506 ἔκγονοι.
367 2507 370 2515 Ι
825 2402 973 2495 (Isaeus
991 2401 1038 2478 de
1058 2401 1183 2479 Ciron.
1205 2404 1282 2484 her.
1302 2404 1335 2507 §.
1355 2410 1441 2519 30.)

799 2563 914 2639 1319.

268 2693 311 2772 In
341 2657 662 2792 consanguinitate
692 2715 769 2767 non
797 2688 1029 2765 collaterales
1062 2688 1224 2790 aliquem
1253 2695 1406 2796 propius
1436 2700 1546 2775 attin-

162 2833 255 2921 gunt
282 2846 391 2921 quam
409 2818 701 2915 descendentes3
727 2814 836 2913 alteri
855 2815 953 2891 enim
971 2815 1083 2891 modo
1103 2830 1191 2894 sunt
1209 2822 1361 2919 eognati
1380 2823 1545 2926 alicujus,

162 2944 267 3022 alteri
287 2971 379 3024 vero
397 2956 485 3022 sunt
503 2969 550 3022 ex
571 2970 617 3022 eo
635 2942 724 3021 nati.
1573 2958 1576 2964 ’

794 3047 908 3127 1320.

268 3173 424 3277 Πατρός
453 3166 625 3282 θυγάτηρ
653 3167 840 3279 έγγυτέρώ
867 3169 938 3248 τοῦ
969 3177 1103 3276 γένους
1132 3179 1236 3251 ἐστὶν
1265 3172 1494 3276 ἢᾶδελφὸς·
1524 3177 1544 3277 ἦ

157 3299 323 3408 μὲνγὰρ
341 3310 380 3394 ἐξ
400 3307 556 3379 ἐκείνου
576 3308 747 3406 γέγονεν,
768 3291 789 3374 ὁ
813 3296 851 3374 δὲ
867 3305 951 3398 μετ’
971 3303 1137 3380 ἐκείνου.
1180 3303 1375 3406 Θυγατρὸς
1394 3305 1433 3384 δὲ
1454 3320 1545 3384 παῖ-

162 3428 222 3518 δες
246 3433 432 3534 ἐγγυτέρω
461 3423 484 3520 ἢ
511 3423 698 3522 ἀδελφὸς·
736 3430 844 3529 γένος
872 3421 946 3528 γάρ
974 3420 1059 3500 ἀλλ’
1087 3421 1409 3533 αὕχὶσυγγένεια
1436 3434 1543 3511 τοῦτ’

161 3558 275 3631 ἐστίν.
821 3553 969 3647 (Isaeus
987 3553 1033 3630 de
1053 3551 1180 3633 Oirou.
1202 3556 1277 3632 her.
1297 3553 1331 3660 ξ.
1352 3559 1438 3656 33.)
1552 3659 1561 3680 ·

794 3715 908 3792 1330.

268 3843 388 3933 Patris
408 3845 484 3921 filia
503 3845 677 3946 proprius
693 3843 803 3920 abest
821 3869 844 3919 a
861 3845 976 3945 stirpe
1002 3845 1269 3945 quamfrater3
1296 3845 1359 3924 illa
1379 3850 1478 3925 enim
1497 3877 1544 3929 ex

160 3974 243 4075 ipso
271 3981 361 4059 nata
390 3983 447 4047 est
457 3969 609 4065 ‚rsffirater
636 3978 761 4045 autem
789 3969 1023 4046 solummodo
1051 3995 1137 4045 oum
1164 3971 1257 4073 ipso.
1296 3973 1419 4050 Etiam
1445 3976 1543 4053 filiae

158 4098 265 4175 liberi
296 4098 486 4199 propiores
514 4107 602 4172 sunt
618 4121 730 4197 quam
750 4095 883 4173 frater:
911 4095 983 4172 hoo
1010 4095 1109 4172 enim
1127 4122 1246 4195 genus
1271 4109 1345 4196 est,
1373 4126 1449 4178 non
1480 4128 1541 4180 oo·

161 4225 299 4323 gnatio.
380 4318 390 4333 ἱ
463 4299 466 4305 .

355 4332 405 4365 '¹³
527 4322 537 4343 “
797 4327 911 4407 1321.

271 4450 351 4530 Τὸν
368 4449 459 4530 υἱόν
477 4458 544 4529 καὶ
564 4450 635 4546 τὴν
656 4458 849 4558 θυγατέρα
876 4449 1115 4553 οἰκειότερον
1143 4451 1241 4530 εἶναι
1270 4453 1422 4558 ἑκάστῳ
1437 4454 1541 4557 μᾶλ-

161 4587 231 4660 λον
250 4577 274 4674 ἢ
291 4578 363 4657 τὸν
381 4576 629 4676 ἀδελφιδοῦν.
789 4581 1000 4678 (Demosth.
1021 4581 1106 4660 adv.
1126 4581 1277 4662 Maoart
1297 4585 1433 4680 1007.)

797 4743 912 4822 1331.

267 4871 383 4952 Filius
394 4883 431 4949 et
441 4869 723 4972 filiauniouique
731 4868 845 4972 longe
855 4870 1089 4974 conjunctior
1097 4882 1164 4968 est,
1177 4894 1288 4974 quam
1300 4872 1421 4991 fratris
1432 4870 1538 4952 filius.

796 5037 911 5116 1333.

268 5155 401 5239 Πάλιν
419 5150 441 5237 ὃ
460 5156 596 5249 υὶδσῦς
613 5151 724 5238 καὶὸ
745 5166 792 5239 ἐκ
818 5159 883 5252 τῆς
905 5157 1110 5267 ,θυγατρὸς
1128 5158 1210 5248 υἱὸς
1220 5219 1230 5252 ,
1261 5152 1370 5240 οὗτοι
1391 5158 1540 5240 σι’κειό·
