3436 5790
565 487 944 542 commarcarum
966 481 1047 545 tort·
1067 484 1146 541 rora.
1188 524 1190 529 ,
1462 463 1548 556 'W

739 673 815 757 Ad
838 675 970 760 1010.

268 841 453 922 helian.
482 842 588 919 Var.
619 841 740 921 Hist.
771 841 817 937 V,
849 842 917 918 18:
957 841 1156 919 Senatores
1184 839 1394 943 Areopagi,
1433 863 1545 942 quum

164 968 371 1044 veneficam
391 969 579 1067 quandam
598 968 900 1070 prehendissent,
929 980 966 1042 et
995 993 1079 1045 earn
1095 968 1205 1045 morti
1223 967 1369 1044 tradere
1388 968 1547 1058 vellent,

161 1116 239 1168 non
259 1094 361 1192 prius
379 1094 501 1194 ipsa'rn
518 1094 794 1188 interemerunt,
815 1118 927 1192 quam
945 1104 1092 1194 partum
1112 1093 1296 1168 edidisset.
1320 1093 1414 1168 Nam
1435 1118 1548 1190 quum

164 1215 476 1316 prehenderetur,
501 1243 716 1320 praegnans
736 1230 825 1294 erat.
864 1218 1063 1294 Innoxium
1080 1219 1206 1317 itaque
1227 1217 1405 1292 infantem
1426 1216 1547 1291 absol-

161 1354 291 1419 ventes
311 1369 333 1419 a
353 1343 611 1438 damnatione,
640 1369 743 1440 eam,
774 1369 868 1443 quae
888 1342 1036 1445 culpam
1055 1342 1412 1437 admiserat,·solam
1430 1348 1547 1415 morte

160 1468 397 1547 mulctarunt.
1000 1448 1004 1455 ¹
1290 1452 1294 1458 ⁵
1376 1494 1379 1499 ·

270 1593 444 1672 Similiter
464 1594 565 1697 apud
582 1595 791 1688 Romanos,
820 1608 1071 1696 praegnantes
1100 1617 1221 1695 neque
1240 1594 1404 1693 torqueri
1424 1615 1548 1691 neque

162 1719 359 1797 damnatae
380 1722 504 1796 necari
523 1721 594 1796 nisi
605 1734 689 1822 post
708 1720 847 1796 editum
866 1732 1016 1822 partum
1034 1729 1217 1823 poterant.
1238 1718 1286 1811 (J
1295 1718 1387 1793 ulii
1406 1716 1548 1794 Pauli

161 1841 293 1921 Sent.
314 1847 342 1941 I,
363 1845 416 1921 tit.
439 1845 499 1941 12,
523 1847 578 1937 5.)

735 1948 810 2032 Ad
828 1949 971 2033 102³.

271 2095 369 2173 Hinc
389 2110 565 2198 apparet,
584 2100 648 2200 jus
667 2098 761 2200 asyli
781 2126 857 2175 non
877 2099 1061 2201 profuisse
1079 2096 1171 2192 illis,
1195 2121 1287 2198 quos
1300 2096 1381 2198 jam
1400 2105 1547 2173 senten⁴

159 2223 212 2298 tia
226 2220 395 2322 judicum
414 2221 687 2299 condemnavit.
1411 2211 1414 2216 ⁴

269 2344 505 2446 Ubicumque
545 2349 659 2446 igitur
686 2347 733 2422 de
761 2346 958 2423 securitate
988 2345 1034 2421 ad
1072 2345 1219 2445 asylum
1254 2349 1548 2448 confugientium

161 2471 302 2547 mentio
322 2472 384 2565 fit,
413 2497 457 2546 ea
480 2496 628 2571 semper
646 2470 692 2547 de
712 2469 1012 2571 delinquentibus
1031 2469 1199 2547 nondum
1217 2472 1472 2551 condemnatis
1492 2487 1549 2551 est

160 2595 413 2697 intelligenda.
1286 2622 1288 2627 ·

269 2723 366 2816 Quia
385 2723 432 2798 ab
452 2722 564 2825 asylis
583 2722 770 2800 neminem
789 2728 887 2816 (non
906 2723 1212 2815 condemnatum)
1241 2721 1377 2801 licebat
1395 2727 1431 2800 vi
1450 2726 1546 2801 abri-

162 2876 271 2952 pere,
292 2862 332 2924 ut
351 2864 475 2925 tamen
495 2859 731 2944 arcerentur,
761 2848 886 2948 ignem
904 2848 1176 2944 admovebant,
1202 2861 1311 2950 atque
1331 2851 1383 2927 ita
1401 2875 1477 2927 non
1496 2851 1544 2926 ab

161 2974 390 3069 hominibus,
410 2975 476 3052 sed
496 3003 518 3053 a
537 2976 607 3051 deo
627 2975 792 3052 amoveri
811 2976 1081 3072 credebantur,
1110 2987 1152 3051 ut
1170 2975 1259 3053 dicit
1278 2977 1478 3054 scholiasta
1496 2978 1544 3053 ad

161 3102 327 3207 Euripid.
358 3101 536 3180 Androm.
566 3100 669 3178 257:
707 3101 800 3186 ἔθος
829 3091 878 3191 ἦν
904 3110 983 3187 τοῖς
1012 3102 1065 3185 εἰς
1091 3097 1228 3199 βωμόν
1255 3097 1546 3204 καταφεύγουσι

163 3224 238 3326 πῦρ
258 3234 493 3326 προσφέρειν.

268 3353 422 3459 Asylum
452 3366 576 3432 autem
605 3356 877 3457 praebuerunt:
912 3344 1121 3450 theseum,
1150 3355 1339 3433 Minervae
1368 3358 1547 3457 templum

160 3479 199 3555 in
219 3504 322 3574 arce,
352 3479 547 3557 Furiarum
575 3481 776 3582 templum,
808 3479 884 3559 Ara
903 3478 1199 3576 Misericordiae,
1229 3481 1325 3557 aliae
1353 3482 1442 3556 item
1461 3507 1546 3557 arae

159 3614 200 3679 'et
217 3616 361 3682 statuae
382 3606 544 3683 deorum.

270 3729 392 3808 Schol.
422 3733 461 3807 in
490 3730 680 3834 Aristoph.
708 3730 829 3831 Equit
860 3730 983 3808 1312:
1013 3731 1067 3816 εἰς
1094 3725 1138 3805 τὸ
1162 3735 1337 3823 Θησεῖον·
1368 3729 1543 3806 ἐνταῦθα
1600 3741 1603 3747 ’

162 3854 199 3927 οἱ
227 3851 538 3958 καταφεύγοντες
566 3853 644 3930 τοῖν
673 3853 838 3929 οἰκετῶν
868 3849 1036 3930 ἀσυλίαν
1063 3851 1184 3951 εἶχον.
1213 3897 1264 3913 -
1300 3858 1366 3942 Εἰς
1393 3853 1437 3930 τὸ
1468 3854 1547 3932 τῶν

156 3976 348 4080 Ἐρινύων
368 3980 489 4081 ἱερόν·
519 3987 586 4057 καὶ
607 3981 785 4058 ἐνταῦθα
804 3982 841 4055 ol
861 3971 1010 4058 olebat
1030 3984 1207 4087 ἔφευγον.

213 4115 216 4121 ’
268 4109 795 4207 Diodor.si0ul.1V,62,4:
824 4113 978 4205 τέμενος
1009 4101 1156 4186 ἄσυλον
1186 4111 1368 4200 ἐποίησαν
1397 4115 1439 4185 ἐν
1467 4119 1547 4196 ταῖς

155 4229 347 4324 Ἀθήναις
365 4231 410 4309 τὸ
430 4232 810 4338 προςαγορευόμσνον
833 4239 1002 4327 Θησεῖον.

268 4361 431 4463 Hesych.
465 4365 612 4451 θυσεῖ
622 4389 697 4436 ον·
728 4357 820 4449 νεῶς
842 4365 1006 4452 Θησέως,
1026 4367 1088 4456 ἐφ’
1108 4352 1157 4437 ὃν
1175 4363 1212 4436 oi
1232 4357 1543 4461 ἀποδιδράσκον-

161 4515 219 4572 τες
238 4491 491 4591 κατέφευγον.

268 4615 326 4689 De
355 4616 459 4714 asylo
488 4615 527 4689 in
556 4615 698 4716 templo
727 4613 919 4693 Minervae
952 4616 1039 4693 vide
1068 4612 1328 4716 Thucydidem
1358 4612 1407 4712 (Ι,
1430 4616 1547 4708 126),

160 4738 402 4815 Plutarchum
428 4739 467 4813 in
496 4738 586 4816 Vita
613 4737 761 4817 Solonis
790 4738 905 4834 (12),
935 4737 1184 4817 Scholiastam
1212 4739 1260 4816 ad
1289 4738 1546 4842 Aristophanis

160 4862 315 4964 Equites
335 4865 475 4961 (445),
503 4866 541 4939 in
560 4863 732 4943 Aeschin.
753 4864 987 4967 ctesiphont.
1009 4866 1070 4941 13.
1245 4861 1247 4865 ’

269 4988 421 5065 Servius
450 4988 497 5064 ad
517 4987 671 5067 Aeneid.
692 4990 818 5085 (VIII,
838 4991 957 5083 342):
987 4993 1190 5092 Postquam
1209 4991 1391 5069 Hercules
1410 4988 1546 5087 migra-

162 5115 215 5190 vit
234 5141 254 5189 e
273 5116 399 5209 terris,
419 5126 576 5218 nepotes
596 5118 674 5217 ejus
693 5119 865 5195 timentes
886 5117 1038 5198 insidias
1059 5144 1205 5213 eoram,
1229 5142 1324 5217 quos
1343 5140 1436 5192 avus
1454 5113 1546 5191 affli-

164 5250 288 5335 xerat,
318 5238 477 5319 Athenis
505 5240 575 5318 sibi
601 5243 713 5343 primi
736 5241 912 5344 asylum,
940 5243 1012 5323 hoc
1030 5255 1105 5340 est,
1133 5244 1313 5344 templum
1342 5238 1547 5328 hibericos·

1270 5361 1338 5429 ³5*
