3436 5790
641 405 765 455 cerusa
784 402 956 454 noscere.
1410 382 1483 459 191
1574 397 1576 403 ’

107 600 179 677 ’σας
192 587 246 689 μὴ
269 585 371 666 λκιλν
389 592 562 670 ἐκλιπεῖν
578 588 651 683 τὴν
670 581 822 666 δίαιταν
832 609 845 679 ,⁴
871 587 988 689 κύρια
1015 588 1062 666 τὰ
1092 586 1334 686 διαιτηθέντα
1353 599 1486 701 γίγνε-

112 736 190 789 ται·
219 701 319 790 ὅθεν
334 714 520 821 ’ἐγγυητᾶς
539 715 748 792 καθιστᾶσι
766 715 837 792 τοῦ
858 720 1097 814 ἐκτίσματος.

881 861 883 867 ’
1001 845 1155 940 (Pollux
1174 848 1276 945 VIII,
1296 851 1379 943 60.)

754 952 843 1030 777.

218 1075 340 1154 Causa
368 1078 545 1156 nullitatio
572 1092 648 1173 est,
678 1081 709 1155 ai
738 1080 820 1185 quia
850 1080 948 1181 apud
977 1079 1135 1158 arbitros
1164 1109 1247 1159 reus
1276 1096 1430 1159 vocatus
1450 1096 1487 1158 et

112 1201 283 1289 morbum
310 1215 374 1280 aut
402 1205 738 1307 peregrinationem
774 1218 1012 1308 praetexens,
1049 1207 1089 1283 in
1118 1208 1215 1284 diem
1247 1210 1486 1285 constitutum

102 1315 188 1432 non
207 1328 307 1432 visua
325 1312 483 1406 autnon
503 1354 724 1431 comparens
743 1333 997 1437 contumaciae
1017 1332 1213 1413 damnatus
1233 1334 1352 1412 fuerit.
1381 1334 1488 1429 Licet

102 1463 234 1563 cutem
253 1453 350 1533 intra
368 1453 495 1552 decern
514 1456 592 1533 dies
611 1452 791 1534 nullitatis
809 1450 993 1541 actionem
1024 1459 1220 1553 exhibere,
1249 1471 1286 1535 et
1304 1442 1488 1537 sententia

112 1578 366 1654 contumaciae
386 1579 562 1675 solvitur,
581 1591 623 1656 ut
640 1607 699 1659 ree
720 1580 843 1659 denuo
860 1582 910 1657 ad
930 1580 1109 1663 arbitrum
1127 1584 1318 1662 referatur.
1336 1583 1377 1661 Si
1397 1609 1486 1660 vero

111 1702 288 1780 nullitatis
317 1705 501 1780 actionem
530 1732 606 1782 non
636 1707 822 1807 vinceret,
853 1733 1075 1807 quamquam
1096 1709 1196 1810 juret
1227 1706 1324 1810 quod
1348 1709 1486 1787 invitus

111 1827 300 1926 reliquerit
311 1828 509 1929 judicium,
540 1842 621 1905 rata
640 1843 745 1926 sunt,
765 1846 860 1932 quae
879 1832 1007 1909 arbitri
1027 1835 1376 1934 pronunciaverunt.
1407 1834 1485 1911 Un-

110 1952 156 2028 de
176 1955 284 2029 etiam
304 1955 462 2031 mulctae
482 1954 718 2054 fidejussores
738 1958 977 2033 constituunt.

700 2210 813 2328 Mipoc
836 2238 896 2305 ιδ’.

579 2368 706 2476 Δίκη
742 2356 1017 2448 ἀντίδικος.

591 2724 996 2815 Οαιιιιιαοναῒα.

752 2891 841 2971 778.

205 2998 331 3092 ,Ὅταν
357 3011 527 3117 γνώσεως
556 3011 751 3091 δικαστῶν
778 3019 980 3120 γενομένης
1017 3020 1101 3115 περί
1124 3045 1237 3105 ,τινος
1265 2994 1484 3120 πράγματος

110 3129 225 3224 αὖθις
245 3131 266 3215 ὁ
289 3131 462 3231 ἡττηθεὶς
481 3144 533 3226 εἰς
552 3138 800 3240 δικαστήριον
820 3143 971 3237 ἔρχηται
997 3148 1078 3240 περὶ
1097 3130 1174 3218 τῶν
1193 3138 1325 3218 αὐτῶν
1343 3151 1484 3242 κριθη-

111 3262 288 3364 σόμενος,
319 3261 343 3357 ἢ
370 3272 438 3339 καί
466 3272 588 3364 ἕτερος
617 3267 761 3370 ἐγκαλῇ
794 3272 874 3365 περὶ
895 3256 950 3345 ὦν
968 3268 1154 3367 πρότερον
1172 3274 1319 3374 ἐγένετο
1338 3275 1483 3368 κρίσις,

109 3386 225 3466 τοῦτο
245 3388 334 3483 δίκη
354 3387 537 3477 ἀνάδικος
555 3396 741 3470 καλεῖται.
872 3393 1018 3488 (Lexio.
1039 3393 1191 3492 Seguer.
1211 3426 1246 3499 p.
1265 3397 1376 3490 216.)

750 3537 839 3613 778.

215 3662 340 3755 Quum
359 3675 444 3765 post
462 3664 574 3738 latam
593 3665 638 3740 de
658 3664 782 3764 aliqua
801 3688 838 3737 re
852 3662 1020 3762 judicum
1037 3666 1259 3739 sententiam
1278 3665 1395 3741 victus
1415 3666 1481 3741 ite·

109 3813 185 3863 rum
198 3788 383 3889 judicium
402 3788 544 3865 accedit
562 3800 602 3864 ut
621 3788 666 3865 de
687 3788 818 3865 eadem
837 3813 876 3862 re
896 3789 1119 3864 sententiam
1138 3789 1271 3884 ferant,
1291 3790 1350 3865 vel
1370 3815 1483 3888 quum

110 3911 199 3989 alter
217 3914 402 3989 actionem
421 3913 578 3989 instituit
596 3913 642 3988 de
661 3914 772 3989 rebus
794 3912 875 4012 jam
904 3923 989 3990 ante
1004 3912 1200 4014 judicatis,
1228 3913 1265 3988 id
1286 3939 1399 3989 causa
1416 3941 1482 3990 no·

110 4048 194 4115 vata
214 4038 356 4115 dicitur.

738 4146 838 4222 779.

207 4266 416 4346 Ἀνάδικοι
445 4273 587 4365 κρίσεις
615 4261 653 4342 a't
683 4260 840 4343 ἄνωθεν
868 4263 1140 4365 truaconem,
1170 4261 1266 4342 ὅταν
1283 4260 1426 4344 ἁλῶσιν
1445 4273 1481 4344 οἱ

103 4390 287 4495 μάρτυρες
306 4393 658 4495 ψευδομαρτυριῶν.
728 4397 1009 4498 (Harpocratioz
1030 4389 1376 4490 ἀναδικάσασθαι.)

752 4556 840 4634 779.

212 4683 361 4764 Novata
381 4681 522 4786 judicia
550 4694 638 4761 sunt
666 4709 729 4779 ea,
755 4704 849 4783 quae
878 4682 1000 4756 denuo
1023 4682 1069 4758 de
1089 4708 1202 4760 causa
1219 4684 1480 4782 instituuntur,

107 4834 218 4911 quunr
237 4822 349 4888 testes
369 4812 453 4888 falsi
473 4810 673 4887 testimonii
693 4807 854 4905 convicti
872 4807 1020 4884 fuerint.
1192 4819 1195 4825 '

747 4970 836 5046 780.

211 5097 261 5170 Εἰ
296 5094 468 5173 ἑάλωσαν
504 5087 585 5188 ἤτοι
625 5091 763 5180 πάντες
792 5093 827 5166 ot
855 5087 1042 5196 μάρτυρες
1080 5090 1421 5196 ψειιδσααρτιιριῶν
1458 5087 1482 5184 ἢ
