3436 5790
504 463 697 515 successio
718 462 739 512 r
757 463 1080 530 ruorruourrarn.
1408 443 1487 520 357

738 655 850 730 1390.

203 782 349 858 Liberis
378 808 401 857 a
428 781 505 857 filia
531 780 698 879 legitima
725 782 930 882 procreatis
958 783 1134 860 universa
1171 784 1354 885 competit
1390 784 1491 861 avita

48 916 51 923 '
97 904 292 983 hereditas.

733 1015 846 1092 1391.

204 1161 255 1234 Et
270 1157 325 1259 τῴ
345 1158 418 1260 υἱῲ
432 1155 487 1256 μὴ
509 1162 627 1250 ἔξεστι
648 1156 879 1245 διαθέσθαι,
909 1157 982 1233 τοῦ
1011 1153 1150 1255 πατρὸς
1168 1164 1273 1232 ἐστιν
1292 1150 1313 1231 ὁ
1335 1157 1487 1255 κλῆρος.

666 1290 812 1382 (Isaeus
831 1285 877 1362 de
898 1286 1116 1365 Philoctem.
1136 1285 1214 1365 her.
1238 1282 1272 1388 ξ.
1292 1288 1377 1378 56.)

736 1447 851 1522 1391.

204 1574 243 1650 Si
262 1574 338 1651 filio
359 1599 435 1649 non
454 1574 541 1650 licet
560 1600 627 1677 per
655 1584 918 1652 testamentum
950 1573 1176 1651 constituere
1196 1574 1242 1651 de
1262 1574 1392 1668 bonis,
1420 1600 1485 1676 pa·

98 1701 161 1777 tris
182 1712 239 1776 est
256 1697 453 1776 hereditas.

738 1806 851 1881 1392.

205 1936 281 2005 Καὶ
300 1930 345 2027 τῇ
362 1935 477 2032 μητρὶ
496 1929 676 2029 προσήκει
695 1928 759 2021 τῆς
779 1926 1004 2033 ἀγχιστείας
1021 1927 1094 2004 τοῦ
1113 1920 1234 2021 odric
1252 1932 1365 2019 υἱέος,
1385 1924 1487 2020 dost,

98 2052 166 2132 ίάν
184 2052 355 2160 ἀγωνίσῃ
375 2053 466 2153 πρὸς
486 2054 576 2143 τούς
600 2054 722 2153 μηδὲν
749 2064 848 2159 γένει
878 2052 1166 2152 προσήκοντας,
1196 2058 1333 2154 λαβιῖν
1363 2052 1489 2147 αὐτὴν
1624 2108 1628 2116 ·

95 2178 167 2261 πὸν
184 2182 353 2280 κλῆρον,
381 2181 499 2259 τοῦτο
518 2182 589 2258 τοῦ
611 2181 769 2261 δικαίου
787 2186 858 2256 καί
877 2179 955 2255 τῶν
974 2177 1107 2278 νόμον
1125 2178 1226 2279 αὐτῇ
1249 2180 1486 2259 δεδοκὸτων.

819 2312 966 2404 (Imus
985 2308 1031 2387 de
1053 2311 1178 2409 Hagn.
1197 2311 1276 2389 her.
1296 2313 1380 2405 30.)
1462 2359 1477 2381 ..

737 2472 850 2548 1392.

204 2599 313 2676 Matri
341 2623 488 2699 quoque
517 2597 645 2674 titulus
674 2597 909 2696 cognationis
934 2622 1017 2673 cunr
1037 2597 1110 2674 filio
1130 2622 1198 2673 suo
1218 2599 1416 2698 competit,
1446 2611 1487 2675 ut

99 2726 126 2800 si
145 2725 424 2803 contentionem
443 2724 566 2798 inierit
584 2750 669 2799 cum
688 2723 753 2818 iis,
783 2723 846 2824 qui
877 2722 994 2798 filium
1022 2723 1103 2823 ejus
1136 2733 1322 2799 mortuum
1350 2750 1487 2824 cogno·-

99 2851 199 2927 tione
218 2876 371 2951 prorsus
389 2851 492 2926 nulla
511 2849 720 2947 attingunt,
750 2848 997 2925 hereditatem
1018 2848 1084 2923 filii
1104 2849 1293 2942 obtineat,
1322 2874 1434 2949 quam
1453 2851 1487 2926 ei

99 2985 134 3053 et
149 2976 209 3078 jus
228 2975 291 3052 dat
310 2988 347 3051 et
363 2973 476 3075 leges.

737 3081 850 3157 1393.

198 3202 403 3300 Ἀδιλιγών
416 3208 492 3303 μὲν
510 3200 665 3302 κλήρων
683 3201 903 3280 ἐπιδικασία
924 3204 1045 3279 πᾶσίν
1063 3209 1167 3280 ἐστιν
1177 3261 1188 3294 ,
1218 3198 1296 3307 ὅτῳ
1322 3204 1360 3279 δὲ
1380 3202 1485 3309 γόνῳ

100 3331 279 3436 γεγόνασι
316 3327 465 3435 γνήσιοι
504 3326 654 3418 παῖδες,
695 3324 826 3404 οὐδενί
855 3326 1150 3421 ἐπιδικάζεσθαι
1183 3328 1263 3405 τῶν
1300 3321 1486 3431 πατρῴων

100 3454 297 3555 προσήκοι·
326 3452 489 3542 ἅπαντες
517 3452 590 3558 γὰρ
620 3457 655 3529 οῖ
685 3459 837 3530 πολῖται
867 3452 1075 3530 ἀνεπίδικα
1104 3457 1235 3551 ἔχουσι
1266 3454 1313 3529 τοί
1337 3455 1484 3532 ἑαυτῶν

99 3589 251 3658 ἕκαστοι
272 3578 439 3682 πατρῴα.
755 3586 900 3678 (Isaeus
920 3583 965 3660 de
986 3579 1118 3684 Pyrrhj
1138 3584 1214 3660 her.
1235 3580 1268 3684 ξ.
1290 3584 1373 3674 59.)

732 3747 846 3824 1393.

204 3873 311 3950 Licet
339 3874 494 3950 fratrum
524 3873 749 3949 hereditates
776 3872 925 3974 injure
955 3884 1103 3974 petere3
1137 3873 1203 3953 sed
1233 3873 1367 3972 quibus
1395 3884 1485 3949 natu

98 4000 201 4077 liberi
221 4009 317 4093 sunt,
337 4025 462 4075 eorum
482 3998 581 4075 hona
598 3999 738 4099 injure
756 4008 885 4101 petere
904 3999 1043 4075 nemini
1064 4025 1213 4097 prorsus
1232 3992 1338 4095 licet3¹
1354 4023 1484 4074 omnes

100 4128 195 4203 enim
215 4127 315 4202 cives
334 4137 483 4227 patrum
503 4125 728 4228 patrimonia
746 4135 875 4202 tenent
893 4124 1204 4201 incontestabilia.

739 4284 849 4361 1394.

190 4403 369 4499 ’Ἔξεστιν
387 4404 671 4507 ἀμφισβητῆσαι
689 4406 744 4509 τῷ
762 4412 989 4508 βουλομένῳ
1018 4413 1088 4483 καί
1117 4406 1330 4510 εὐθυδικίᾳ
1359 4415 1482 4486 εἰσι-λ-

100 4534 209 4611 θόνιι
238 4537 291 4619 εἰς
318 4532 410 4620 τούς
440 4532 643 4623 δικαστάς,
678 4537 714 4609 ιί
739 4536 923 4629 φαίνοιτο
954 4532 1173 4631 δικαιότερα
1204 4539 1346 4639 λέγων,
1377 4539 1482 4633 ἔχειν

99 4659 164 4737 τὸν
184 4659 342 4758 κλῆρον.
692 4664 839 4756 (Isaeus
858 4662 904 4739 de
925 4662 1143 4738 Philoctem.
1164 4663 1240 4740 her.
1263 4659 1296 4766 ξ.
1318 4665 1374 4759 3)
1404 4701 1407 4706 ·

736 4825 849 4903 1394.

202 4949 346 5052 Cuique
366 4952 451 5027 licet
470 4953 515 5028 de
535 4954 751 5030 vacuefacta
771 4958 991 5054 quacunque
1021 4952 1226 5030 hereditate
1254 4965 1415 5048 certare,
1445 4963 1483 5029 et

96 5088 195 5154 recto
207 5075 350 5176 judicio
369 5079 508 5173 utenti,
537 5080 567 5154 si
595 5079 744 5180 potiora
770 5078 970 5181 protulisse
1006 5079 1108 5155 visus
1136 5078 1267 5174 firerit,
1296 5078 1480 5155 heredita-

96 5215 171 5279 tem
187 5203 261 5280 sibi
278 5203 434 5281 auferre.
1429 5208 1436 5223 '

1656 399 1681 453 8
