<?xml version="1.0" encoding="UTF-8"?>
<!DOCTYPE html PUBLIC "-//W3C//DTD XHTML 1.0 Transitional//EN"
    "http://www.w3.org/TR/xhtml1/DTD/xhtml1-transitional.dtd">
<html xmlns="http://www.w3.org/1999/xhtml" xml:lang="en" lang="en">
 <head>
  <title>
</title>
<meta http-equiv="Content-Type" content="text/html;charset=utf-8" />
  <meta name='ocr-system' content='tesseract 3.04.00' />
  <meta name='ocr-capabilities' content='ocr_page ocr_carea ocr_par ocr_line ocrx_word'/>
</head>
<body>
  <div class='ocr_page' id='page_1' title='image "./synaggtnattiknn00tlgoog_0334.png"; bbox 0 0 3404 5782; ppageno 0'>
   <div class='ocr_carea' id='block_1_1' title="bbox 716 433 1008 490">
    <p class='ocr_par' dir='ltr' id='par_1_1' title="bbox 716 433 1008 490">
     <span class='ocr_line' id='line_1_1' title="bbox 716 433 1008 490; baseline 0.003 -1"><span class='ocrx_word' id='word_1_1' title='bbox 716 437 778 489; x_wconf 77' lang='lat' dir='ltr'>JUS</span> <span class='ocrx_word' id='word_1_2' title='bbox 795 433 1008 490; x_wconf 67' lang='lat' dir='ltr'>avuncuti.</span> 
     </span>
    </p>
   </div>
   <div class='ocr_carea' id='block_1_2' title="bbox 164 627 1567 1003">
    <p class='ocr_par' dir='ltr' id='par_1_2' title="bbox 164 627 1567 1003">
     <span class='ocr_line' id='line_1_2' title="bbox 806 627 919 705; baseline 0.035 -4"><span class='ocrx_word' id='word_1_3' title='bbox 806 627 919 705; x_wconf 94' lang='grc'><strong>1215.</strong></span> 
     </span>
     <span class='ocr_line' id='line_1_3' title="bbox 273 766 1567 889; baseline -0.002 -41"><span class='ocrx_word' id='word_1_4' title='bbox 273 768 327 848; x_wconf 86' lang='lat' dir='ltr'>Td</span> <span class='ocrx_word' id='word_1_5' title='bbox 364 779 601 889; x_wconf 80' lang='grc' dir='ltr'><em>παρανομεῖν</em></span> <span class='ocrx_word' id='word_1_6' title='bbox 638 773 692 855; x_wconf 80' lang='grc' dir='ltr'>εἰς</span> <span class='ocrx_word' id='word_1_7' title='bbox 728 766 885 867; x_wconf 83' lang='grc' dir='ltr'><em>κήρυκα</em></span> <span class='ocrx_word' id='word_1_8' title='bbox 922 775 991 843; x_wconf 84' lang='grc' dir='ltr'><strong><em>καί</em></strong></span> <span class='ocrx_word' id='word_1_9' title='bbox 1029 773 1220 870; x_wconf 76' lang='grc' dir='ltr'><em>πρέσβεις,</em></span> <span class='ocrx_word' id='word_1_10' title='bbox 1264 772 1383 848; x_wconf 82' lang='grc' dir='ltr'><em>πᾶσιν</em></span> <span class='ocrx_word' id='word_1_11' title='bbox 1424 767 1567 870; x_wconf 79' lang='grc' dir='ltr'><em>ἀσεβὲς</em></span> 
     </span>
     <span class='ocr_line' id='line_1_4' title="bbox 164 896 1450 1003; baseline 0.001 -30"><span class='ocrx_word' id='word_1_12' title='bbox 164 896 401 976; x_wconf 81' lang='grc' dir='ltr'><em>εἶναιδοκεῖ.</em></span> <span class='ocrx_word' id='word_1_13' title='bbox 786 898 999 989; x_wconf 87' lang='lat' dir='ltr'>(Demosth.</span> <span class='ocrx_word' id='word_1_14' title='bbox 1026 900 1154 976; x_wconf 90' lang='lat' dir='ltr'>literae</span> <span class='ocrx_word' id='word_1_15' title='bbox 1174 899 1306 1003; x_wconf 88' lang='lat' dir='ltr'><strong>Philip.</strong></span> <span class='ocrx_word' id='word_1_16' title='bbox 1332 902 1450 993; x_wconf 83' lang='lat'><strong>159.)</strong></span> 
     </span>
    </p>
   </div>
   <div class='ocr_carea' id='block_1_3' title="bbox 800 1076 914 1152">
    <p class='ocr_par' dir='ltr' id='par_1_3' title="bbox 800 1076 914 1152">
     <span class='ocr_line' id='line_1_5' title="bbox 800 1076 914 1152; baseline 0.035 -4"><span class='ocrx_word' id='word_1_17' title='bbox 800 1076 914 1152; x_wconf 87' lang='grc'><strong>1215.</strong></span> 
     </span>
    </p>
   </div>
   <div class='ocr_carea' id='block_1_4' title="bbox 268 1218 1495 1323">
    <p class='ocr_par' dir='ltr' id='par_1_4' title="bbox 268 1218 1495 1323">
     <span class='ocr_line' id='line_1_6' title="bbox 268 1218 1495 1323; baseline -0.002 -24"><span class='ocrx_word' id='word_1_18' title='bbox 268 1222 562 1299; x_wconf 80' lang='lat' dir='ltr'>Oaduoentorem</span> <span class='ocrx_word' id='word_1_19' title='bbox 583 1232 620 1296; x_wconf 92' lang='lat' dir='ltr'>et</span> <span class='ocrx_word' id='word_1_20' title='bbox 638 1221 781 1317; x_wconf 87' lang='lat' dir='ltr'>legatos</span> <span class='ocrx_word' id='word_1_21' title='bbox 802 1218 942 1296; x_wconf 87' lang='lat' dir='ltr'>violare</span> <span class='ocrx_word' id='word_1_22' title='bbox 963 1223 1134 1298; x_wconf 91' lang='lat' dir='ltr'>omnibus</span> <span class='ocrx_word' id='word_1_23' title='bbox 1153 1223 1308 1323; x_wconf 90' lang='lat' dir='ltr'>impium</span> <span class='ocrx_word' id='word_1_24' title='bbox 1328 1222 1495 1299; x_wconf 87' lang='lat' dir='ltr'>videtur.</span> 
     </span>
    </p>
   </div>
   <div class='ocr_carea' id='block_1_5' title="bbox 154 1399 1558 2146">
    <p class='ocr_par' dir='ltr' id='par_1_5' title="bbox 796 1399 909 1474">
     <span class='ocr_line' id='line_1_7' title="bbox 796 1399 909 1474; baseline 0.035 -4"><span class='ocrx_word' id='word_1_25' title='bbox 796 1399 909 1474; x_wconf 84' lang='grc'><strong>1216.</strong></span> 
     </span>
    </p>

    <p class='ocr_par' dir='ltr' id='par_1_6' title="bbox 154 1534 1558 2146">
     <span class='ocr_line' id='line_1_8' title="bbox 261 1534 1555 1647; baseline 0.001 -31"><span class='ocrx_word' id='word_1_26' title='bbox 261 1537 368 1617; x_wconf 78' lang='grc' dir='ltr'><em>Ἐπεὶ</em></span> <span class='ocrx_word' id='word_1_27' title='bbox 398 1534 419 1620; x_wconf 83' lang='grc' dir='ltr'>ὁ</span> <span class='ocrx_word' id='word_1_28' title='bbox 451 1546 641 1641; x_wconf 76' lang='grc' dir='ltr'><em>πεμφθεὶς</em></span> <span class='ocrx_word' id='word_1_29' title='bbox 678 1536 799 1634; x_wconf 70' lang='grc' dir='ltr'><em>κῆρυξ</em></span> <span class='ocrx_word' id='word_1_30' title='bbox 827 1543 935 1641; x_wconf 78' lang='grc' dir='ltr'><em>αἰτίᾳ</em></span> <span class='ocrx_word' id='word_1_31' title='bbox 968 1540 1045 1616; x_wconf 77' lang='grc' dir='ltr'><em>τῶν</em></span> <span class='ocrx_word' id='word_1_32' title='bbox 1083 1549 1297 1647; x_wconf 76' lang='grc' dir='ltr'><em>Μεγαρέων</em></span> <span class='ocrx_word' id='word_1_33' title='bbox 1334 1538 1555 1633; x_wconf 74' lang='grc' dir='ltr'><strong><em>ἀπέθανεν,</em></strong></span> 
     </span>
     <span class='ocr_line' id='line_1_9' title="bbox 159 1661 1558 1767; baseline 0.001 -25"><span class='ocrx_word' id='word_1_34' title='bbox 159 1661 359 1744; x_wconf 73' lang='grc' dir='ltr'><em>ἄσπονδον</em></span> <span class='ocrx_word' id='word_1_35' title='bbox 372 1673 449 1766; x_wconf 83' lang='grc' dir='ltr'>μέν</span> <span class='ocrx_word' id='word_1_36' title='bbox 467 1666 563 1743; x_wconf 75' lang='grc' dir='ltr'><em>εἶναι</em></span> <span class='ocrx_word' id='word_1_37' title='bbox 584 1672 651 1740; x_wconf 81' lang='grc' dir='ltr'>καὶ</span> <span class='ocrx_word' id='word_1_38' title='bbox 673 1661 899 1761; x_wconf 74' lang='grc' dir='ltr'><em>ἀκήρυκτον</em></span> <span class='ocrx_word' id='word_1_39' title='bbox 927 1670 1099 1765; x_wconf 71' lang='grc' dir='ltr'><em>ἔχθραν,</em></span> <span class='ocrx_word' id='word_1_40' title='bbox 1129 1662 1170 1754; x_wconf 79' lang='grc' dir='ltr'>ὃς</span> <span class='ocrx_word' id='word_1_41' title='bbox 1200 1667 1233 1742; x_wconf 80' lang='grc' dir='ltr'>δ’</span> <span class='ocrx_word' id='word_1_42' title='bbox 1262 1663 1313 1743; x_wconf 73' lang='lat' dir='ltr'>dv</span> <span class='ocrx_word' id='word_1_43' title='bbox 1341 1668 1463 1767; x_wconf 70' lang='grc' dir='ltr'><em>ἐπιβῇ</em></span> <span class='ocrx_word' id='word_1_44' title='bbox 1495 1668 1558 1760; x_wconf 80' lang='grc' dir='ltr'>τῆς</span> 
     </span>
     <span class='ocr_line' id='line_1_10' title="bbox 154 1787 1554 1899; baseline 0.001 -31"><span class='ocrx_word' id='word_1_45' title='bbox 154 1789 334 1884; x_wconf 73' lang='grc' dir='ltr'>Ἀττικῆς</span> <span class='ocrx_word' id='word_1_46' title='bbox 363 1798 596 1896; x_wconf 78' lang='grc' dir='ltr'><em>Μεγαρέων,</em></span> <span class='ocrx_word' id='word_1_47' title='bbox 628 1787 790 1887; x_wconf 76' lang='grc' dir='ltr'><em>θανάτῳ</em></span> <span class='ocrx_word' id='word_1_48' title='bbox 823 1791 1081 1890; x_wconf 77' lang='grc' dir='ltr'><em>ζημιοῦσθαι,</em></span> <span class='ocrx_word' id='word_1_49' title='bbox 1109 1791 1199 1881; x_wconf 78' lang='grc' dir='ltr'>τούς</span> <span class='ocrx_word' id='word_1_50' title='bbox 1230 1792 1268 1869; x_wconf 79' lang='grc' dir='ltr'>δὲ</span> <span class='ocrx_word' id='word_1_51' title='bbox 1297 1793 1554 1899; x_wconf 72' lang='grc' dir='ltr'><em>στρατηγούς,</em></span> 
     </span>
     <span class='ocr_line' id='line_1_11' title="bbox 159 1912 1552 2016; baseline 0.001 -23"><span class='ocrx_word' id='word_1_52' title='bbox 159 1914 255 1994; x_wconf 83' lang='grc' dir='ltr'><em>ὅταν</em></span> <span class='ocrx_word' id='word_1_53' title='bbox 283 1914 454 2016; x_wconf 84' lang='grc' dir='ltr'><em>ὀμνύωσι</em></span> <span class='ocrx_word' id='word_1_54' title='bbox 483 1914 554 1992; x_wconf 82' lang='grc' dir='ltr'><em>τὸν</em></span> <span class='ocrx_word' id='word_1_55' title='bbox 582 1912 743 2016; x_wconf 78' lang='grc' dir='ltr'><em>πάτριον</em></span> <span class='ocrx_word' id='word_1_56' title='bbox 773 1915 916 2016; x_wconf 84' lang='grc' dir='ltr'><em>ὅρκον,</em></span> <span class='ocrx_word' id='word_1_57' title='bbox 946 1917 1175 2015; x_wconf 75' lang='grc' dir='ltr'><em>ἐπομνύειν,</em></span> <span class='ocrx_word' id='word_1_58' title='bbox 1204 1915 1264 1995; x_wconf 82' lang='grc' dir='ltr'>ὅτι</span> <span class='ocrx_word' id='word_1_59' title='bbox 1292 1925 1365 1994; x_wconf 79' lang='grc' dir='ltr'>καὶ</span> <span class='ocrx_word' id='word_1_60' title='bbox 1392 1917 1455 2006; x_wconf 83' lang='grc' dir='ltr'>δὶς</span> <span class='ocrx_word' id='word_1_61' title='bbox 1475 1917 1552 1996; x_wconf 80' lang='grc' dir='ltr'>ἆνά</span> 
     </span>
     <span class='ocr_line' id='line_1_12' title="bbox 158 2040 996 2146; baseline 0.006 -29"><span class='ocrx_word' id='word_1_62' title='bbox 158 2043 237 2117; x_wconf 86' lang='grc' dir='ltr'><em>πᾶν</em></span> <span class='ocrx_word' id='word_1_63' title='bbox 255 2045 337 2130; x_wconf 71' lang='grc' dir='ltr'><em>ἔτος</em></span> <span class='ocrx_word' id='word_1_64' title='bbox 357 2047 409 2129; x_wconf 77' lang='grc' dir='ltr'>εἰς</span> <span class='ocrx_word' id='word_1_65' title='bbox 426 2040 500 2133; x_wconf 74' lang='grc' dir='ltr'><em>τὴν</em></span> <span class='ocrx_word' id='word_1_66' title='bbox 522 2041 754 2146; x_wconf 72' lang='grc' dir='ltr'><em>Μεγαρικὴν</em></span> <span class='ocrx_word' id='word_1_67' title='bbox 773 2041 996 2144; x_wconf 76' lang='grc' dir='ltr'><em>ἐμβαλοῦσι.</em></span> 
     </span>
    </p>
   </div>
   <div class='ocr_carea' id='block_1_6' title="bbox 794 2171 1442 2356">
    <p class='ocr_par' dir='ltr' id='par_1_7' title="bbox 794 2171 1442 2356">
     <span class='ocr_line' id='line_1_13' title="bbox 794 2171 1442 2356; baseline 0.002 -109"><span class='ocrx_word' id='word_1_68' title='bbox 794 2281 895 2356; x_wconf 56' lang='grc'><strong>1216</strong></span> <span class='ocrx_word' id='word_1_69' title='bbox 970 2171 1179 2265; x_wconf 77' lang='lat' dir='ltr'><strong>(Plutarch.</strong></span> <span class='ocrx_word' id='word_1_70' title='bbox 1200 2172 1329 2249; x_wconf 83' lang='lat' dir='ltr'>Pericl.</span> <span class='ocrx_word' id='word_1_71' title='bbox 1352 2172 1442 2266; x_wconf 88' lang='grc'>30.)</span> 
     </span>
    </p>
   </div>
   <div class='ocr_carea' id='block_1_7' title="bbox 155 2422 1557 3023">
    <p class='ocr_par' dir='ltr' id='par_1_8' title="bbox 155 2422 1557 3023">
     <span class='ocr_line' id='line_1_14' title="bbox 264 2422 1555 2522; baseline 0.003 -24"><span class='ocrx_word' id='word_1_72' title='bbox 264 2424 390 2517; x_wconf 79' lang='lat' dir='ltr'>Quum</span> <span class='ocrx_word' id='word_1_73' title='bbox 408 2422 648 2522; x_wconf 82' lang='lat' dir='ltr'>Megarenses</span> <span class='ocrx_word' id='word_1_74' title='bbox 668 2425 821 2501; x_wconf 89' lang='lat' dir='ltr'>missum</span> <span class='ocrx_word' id='word_1_75' title='bbox 840 2424 1123 2501; x_wconf 81' lang='lat' dir='ltr'>caduceatorem</span> <span class='ocrx_word' id='word_1_76' title='bbox 1140 2424 1412 2519; x_wconf 79' lang='lat' dir='ltr'>interfecerint,</span> <span class='ocrx_word' id='word_1_77' title='bbox 1432 2425 1555 2502; x_wconf 89' lang='lat' dir='ltr'>inimi-</span> 
     </span>
     <span class='ocr_line' id='line_1_15' title="bbox 157 2546 1557 2649; baseline 0.002 -26"><span class='ocrx_word' id='word_1_78' title='bbox 157 2546 244 2623; x_wconf 88' lang='lat' dir='ltr'>citia</span> <span class='ocrx_word' id='word_1_79' title='bbox 262 2547 496 2624; x_wconf 88' lang='lat' dir='ltr'>internecina</span> <span class='ocrx_word' id='word_1_80' title='bbox 514 2561 551 2623; x_wconf 89' lang='lat' dir='ltr'>et</span> <span class='ocrx_word' id='word_1_81' title='bbox 568 2549 814 2649; x_wconf 83' lang='lat' dir='ltr'>implacabilis</span> <span class='ocrx_word' id='word_1_82' title='bbox 834 2549 1067 2648; x_wconf 88' lang='lat' dir='ltr'>capitaleque</span> <span class='ocrx_word' id='word_1_83' title='bbox 1088 2561 1167 2624; x_wconf 92' lang='lat' dir='ltr'>esto</span> <span class='ocrx_word' id='word_1_84' title='bbox 1187 2548 1507 2648; x_wconf 80' lang='lat' dir='ltr'>Megarensibus,</span> <span class='ocrx_word' id='word_1_85' title='bbox 1528 2552 1557 2627; x_wconf 92' lang='lat' dir='ltr'>si</span> 
     </span>
     <span class='ocr_line' id='line_1_16' title="bbox 157 2673 1556 2774; baseline 0.005 -26"><span class='ocrx_word' id='word_1_86' title='bbox 157 2674 239 2773; x_wconf 90' lang='lat' dir='ltr'>quis</span> <span class='ocrx_word' id='word_1_87' title='bbox 258 2699 387 2748; x_wconf 90' lang='lat' dir='ltr'>eorum</span> <span class='ocrx_word' id='word_1_88' title='bbox 405 2674 444 2747; x_wconf 92' lang='lat' dir='ltr'>in</span> <span class='ocrx_word' id='word_1_89' title='bbox 464 2673 589 2753; x_wconf 88' lang='lat' dir='ltr'>Attica</span> <span class='ocrx_word' id='word_1_90' title='bbox 616 2674 815 2770; x_wconf 82' lang='lat' dir='ltr'>vestigium</span> <span class='ocrx_word' id='word_1_91' title='bbox 842 2674 1029 2774; x_wconf 85' lang='lat' dir='ltr'>posuerit,</span> <span class='ocrx_word' id='word_1_92' title='bbox 1060 2673 1172 2750; x_wconf 89' lang='lat' dir='ltr'>duces</span> <span class='ocrx_word' id='word_1_93' title='bbox 1201 2699 1374 2773; x_wconf 89' lang='lat' dir='ltr'>quoque,</span> <span class='ocrx_word' id='word_1_94' title='bbox 1406 2703 1500 2754; x_wconf 89' lang='lat' dir='ltr'>oum</span> <span class='ocrx_word' id='word_1_95' title='bbox 1519 2707 1556 2754; x_wconf 90' lang='lat' dir='ltr'>se</span> 
     </span>
     <span class='ocr_line' id='line_1_17' title="bbox 156 2795 1555 2902; baseline 0.006 -30"><span class='ocrx_word' id='word_1_96' title='bbox 156 2811 387 2874; x_wconf 88' lang='lat' dir='ltr'>sacramento</span> <span class='ocrx_word' id='word_1_97' title='bbox 406 2824 429 2872; x_wconf 88' lang='lat' dir='ltr'>a</span> <span class='ocrx_word' id='word_1_98' title='bbox 448 2796 651 2895; x_wconf 83' lang='lat' dir='ltr'>majoribus</span> <span class='ocrx_word' id='word_1_99' title='bbox 671 2808 825 2898; x_wconf 87' lang='lat' dir='ltr'>accepto</span> <span class='ocrx_word' id='word_1_100' title='bbox 849 2795 1108 2894; x_wconf 89' lang='lat' dir='ltr'>obstringunt,</span> <span class='ocrx_word' id='word_1_101' title='bbox 1131 2799 1279 2899; x_wconf 90' lang='lat' dir='ltr'>jurent,</span> <span class='ocrx_word' id='word_1_102' title='bbox 1309 2800 1372 2875; x_wconf 87' lang='lat' dir='ltr'>bis</span> <span class='ocrx_word' id='word_1_103' title='bbox 1394 2815 1555 2902; x_wconf 89' lang='lat' dir='ltr'>quotan-</span> 
     </span>
     <span class='ocr_line' id='line_1_18' title="bbox 155 2919 1153 3023; baseline 0.002 -26"><span class='ocrx_word' id='word_1_104' title='bbox 155 2923 213 2997; x_wconf 89' lang='lat' dir='ltr'>nis</span> <span class='ocrx_word' id='word_1_105' title='bbox 232 2925 328 2998; x_wconf 91' lang='lat' dir='ltr'>sein</span> <span class='ocrx_word' id='word_1_106' title='bbox 348 2921 608 3019; x_wconf 86' lang='lat' dir='ltr'>Megarensem</span> <span class='ocrx_word' id='word_1_107' title='bbox 627 2947 759 3018; x_wconf 82' lang='lat' dir='ltr'>agrum</span> <span class='ocrx_word' id='word_1_108' title='bbox 778 2919 943 2997; x_wconf 85' lang='lat' dir='ltr'>facturos</span> <span class='ocrx_word' id='word_1_109' title='bbox 962 2923 1153 3023; x_wconf 87' lang='lat' dir='ltr'>impetum.</span> 
     </span>
    </p>
   </div>
   <div class='ocr_carea' id='block_1_8' title="bbox 265 3100 1104 3338">
    <p class='ocr_par' dir='ltr' id='par_1_9' title="bbox 265 3100 1104 3338">
     <span class='ocr_line' id='line_1_19' title="bbox 795 3100 908 3176; baseline 0.027 -3"><span class='ocrx_word' id='word_1_110' title='bbox 795 3100 908 3176; x_wconf 84' lang='grc'><strong>1217.</strong></span> 
     </span>
     <span class='ocr_line' id='line_1_20' title="bbox 265 3235 1104 3338; baseline 0.007 -25"><span class='ocrx_word' id='word_1_111' title='bbox 265 3241 345 3315; x_wconf 87' lang='grc' dir='ltr'>Τοῦ</span> <span class='ocrx_word' id='word_1_112' title='bbox 361 3237 532 3337; x_wconf 76' lang='grc' dir='ltr'><em>μάντεως</em></span> <span class='ocrx_word' id='word_1_113' title='bbox 551 3235 756 3332; x_wconf 80' lang='grc' dir='ltr'><em>φείδεσθαι</em></span> <span class='ocrx_word' id='word_1_114' title='bbox 775 3237 868 3326; x_wconf 81' lang='grc' dir='ltr'><em>τοῦς</em></span> <span class='ocrx_word' id='word_1_115' title='bbox 887 3244 1104 3338; x_wconf 80' lang='grc' dir='ltr'><em>πολεμίους.</em></span> 
     </span>
    </p>
   </div>
   <div class='ocr_carea' id='block_1_9' title="bbox 921 3370 1446 3469">
    <p class='ocr_par' dir='ltr' id='par_1_10' title="bbox 921 3370 1446 3469">
     <span class='ocr_line' id='line_1_21' title="bbox 921 3370 1446 3469; baseline 0.008 -24"><span class='ocrx_word' id='word_1_116' title='bbox 921 3372 1099 3462; x_wconf 87' lang='lat' dir='ltr'>(Zenobii</span> <span class='ocrx_word' id='word_1_117' title='bbox 1120 3379 1259 3446; x_wconf 82' lang='lat' dir='ltr'>centur.</span> <span class='ocrx_word' id='word_1_118' title='bbox 1280 3370 1328 3468; x_wconf 86' lang='lat' dir='ltr'>V,</span> <span class='ocrx_word' id='word_1_119' title='bbox 1353 3374 1446 3469; x_wconf 84' lang='grc'><strong>34.)</strong></span> 
     </span>
    </p>
   </div>
   <div class='ocr_carea' id='block_1_10' title="bbox 260 3532 908 3893">
    <p class='ocr_par' dir='ltr' id='par_1_11' title="bbox 260 3532 908 3893">
     <span class='ocr_line' id='line_1_22' title="bbox 789 3532 901 3608; baseline 0.009 -1"><span class='ocrx_word' id='word_1_120' title='bbox 789 3532 901 3608; x_wconf 84' lang='grc'><strong>1217.</strong></span> 
     </span>
     <span class='ocr_line' id='line_1_23' title="bbox 260 3673 784 3752; baseline -0.002 -1"><span class='ocrx_word' id='word_1_121' title='bbox 260 3673 398 3752; x_wconf 89' lang='lat' dir='ltr'>Vatem</span> <span class='ocrx_word' id='word_1_122' title='bbox 416 3698 463 3749; x_wconf 90' lang='lat' dir='ltr'>ue</span> <span class='ocrx_word' id='word_1_123' title='bbox 483 3674 626 3749; x_wconf 87' lang='lat' dir='ltr'>violent</span> <span class='ocrx_word' id='word_1_124' title='bbox 645 3673 784 3751; x_wconf 81' lang='lat' dir='ltr'>hostes</span> 
     </span>
     <span class='ocr_line' id='line_1_24' title="bbox 795 3817 908 3893; baseline 0.027 -3"><span class='ocrx_word' id='word_1_125' title='bbox 795 3817 908 3893; x_wconf 88' lang='grc'><strong>1218.</strong></span> 
     </span>
    </p>
   </div>
   <div class='ocr_carea' id='block_1_11' title="bbox 153 3943 1544 4190">
    <p class='ocr_par' dir='ltr' id='par_1_12' title="bbox 153 3943 1544 4190">
     <span class='ocr_line' id='line_1_25' title="bbox 260 3943 1544 4056; baseline 0.007 -24"><span class='ocrx_word' id='word_1_126' title='bbox 260 3965 308 4034; x_wconf 93' lang='grc' dir='ltr'><em>Π</em></span> <span class='ocrx_word' id='word_1_127' title='bbox 315 3955 541 4056; x_wconf 85' lang='grc' dir='ltr'><em>υρφὸροι,</em></span> <span class='ocrx_word' id='word_1_128' title='bbox 572 3958 607 4030; x_wconf 81' lang='grc' dir='ltr'>οἱ</span> <span class='ocrx_word' id='word_1_129' title='bbox 636 3958 743 4053; x_wconf 77' lang='grc' dir='ltr'><em>ἱερεῖς</em></span> <span class='ocrx_word' id='word_1_130' title='bbox 763 3959 798 4031; x_wconf 80' lang='lat' dir='ltr'>ol</span> <span class='ocrx_word' id='word_1_131' title='bbox 818 3943 1030 4056; x_wconf 65' lang='grc' dir='ltr'><em>ἐπιβώμιον</em></span> <span class='ocrx_word' id='word_1_132' title='bbox 1049 3957 1125 4056; x_wconf 90' lang='grc' dir='ltr'>πῦρ</span> <span class='ocrx_word' id='word_1_133' title='bbox 1144 3953 1399 4055; x_wconf 83' lang='grc' dir='ltr'><em>ἇνάπτοντες,</em></span> <span class='ocrx_word' id='word_1_134' title='bbox 1432 3957 1490 4044; x_wconf 80' lang='grc' dir='ltr'><em>ὦν</em></span> <span class='ocrx_word' id='word_1_135' title='bbox 1506 3974 1544 4043; x_wconf 78' lang='grc' dir='ltr'><em>ἐν</em></span> 
     </span>
     <span class='ocr_line' id='line_1_26' title="bbox 153 4081 1444 4190; baseline 0.009 -29"><span class='ocrx_word' id='word_1_136' title='bbox 153 4095 232 4173; x_wconf 80' lang='grc' dir='ltr'><em>τοῖς</em></span> <span class='ocrx_word' id='word_1_137' title='bbox 250 4089 427 4184; x_wconf 80' lang='grc' dir='ltr'><em>πολέμοις</em></span> <span class='ocrx_word' id='word_1_138' title='bbox 446 4087 483 4159; x_wconf 79' lang='grc' dir='ltr'>οἱ</span> <span class='ocrx_word' id='word_1_139' title='bbox 503 4081 746 4175; x_wconf 79' lang='grc' dir='ltr'><em>νενικηκότες</em></span> <span class='ocrx_word' id='word_1_140' title='bbox 765 4084 978 4180; x_wconf 79' lang='grc' dir='ltr'><em>φείδονται.</em></span> <span class='ocrx_word' id='word_1_141' title='bbox 1243 4089 1444 4190; x_wconf 75' lang='lat' dir='ltr'>(scidas.)</span> 
     </span>
    </p>
   </div>
   <div class='ocr_carea' id='block_1_12' title="bbox 796 4267 907 4343">
    <p class='ocr_par' dir='ltr' id='par_1_13' title="bbox 796 4267 907 4343">
     <span class='ocr_line' id='line_1_27' title="bbox 796 4267 907 4343; baseline 0.036 -4"><span class='ocrx_word' id='word_1_142' title='bbox 796 4267 907 4343; x_wconf 85' lang='grc'><strong>1218.</strong></span> 
     </span>
    </p>
   </div>
   <div class='ocr_carea' id='block_1_13' title="bbox 153 4410 1532 4637">
    <p class='ocr_par' dir='ltr' id='par_1_14' title="bbox 153 4410 1532 4637">
     <span class='ocr_line' id='line_1_28' title="bbox 260 4410 1532 4519; baseline 0.005 -34"><span class='ocrx_word' id='word_1_143' title='bbox 260 4410 415 4508; x_wconf 86' lang='lat' dir='ltr'>Igniferi</span> <span class='ocrx_word' id='word_1_144' title='bbox 433 4422 520 4488; x_wconf 89' lang='lat' dir='ltr'>sunt</span> <span class='ocrx_word' id='word_1_145' title='bbox 536 4411 771 4507; x_wconf 86' lang='lat' dir='ltr'>sacerdotes,</span> <span class='ocrx_word' id='word_1_146' title='bbox 800 4413 928 4509; x_wconf 86' lang='lat' dir='ltr'>ignem</span> <span class='ocrx_word' id='word_1_147' title='bbox 953 4412 992 4486; x_wconf 94' lang='lat' dir='ltr'>in</span> <span class='ocrx_word' id='word_1_148' title='bbox 1012 4413 1084 4488; x_wconf 87' lang='lat' dir='ltr'>aris</span> <span class='ocrx_word' id='word_1_149' title='bbox 1105 4411 1376 4512; x_wconf 85' lang='lat' dir='ltr'>accendentes,</span> <span class='ocrx_word' id='word_1_150' title='bbox 1408 4420 1532 4519; x_wconf 89' lang='lat' dir='ltr'>quibus</span> 
     </span>
     <span class='ocr_line' id='line_1_29' title="bbox 153 4535 675 4637; baseline 0.004 -27"><span class='ocrx_word' id='word_1_151' title='bbox 153 4535 310 4612; x_wconf 89' lang='lat' dir='ltr'>victores</span> <span class='ocrx_word' id='word_1_152' title='bbox 328 4538 368 4610; x_wconf 93' lang='lat' dir='ltr'>in</span> <span class='ocrx_word' id='word_1_153' title='bbox 386 4537 487 4613; x_wconf 91' lang='lat' dir='ltr'>bello</span> <span class='ocrx_word' id='word_1_154' title='bbox 507 4549 675 4637; x_wconf 86' lang='lat' dir='ltr'>parcunt.</span> 
     </span>
    </p>
   </div>
   <div class='ocr_carea' id='block_1_14' title="bbox 146 4779 1529 5137">
    <p class='ocr_par' dir='ltr' id='par_1_15' title="bbox 146 4779 1529 5137">
     <span class='ocr_line' id='line_1_30' title="bbox 263 4779 1529 4888; baseline 0.005 -29"><span class='ocrx_word' id='word_1_155' title='bbox 263 4781 350 4859; x_wconf 81' lang='grc' dir='ltr'><em>Τῦν</em></span> <span class='ocrx_word' id='word_1_156' title='bbox 363 4779 612 4859; x_wconf 76' lang='grc' dir='ltr'><em>Ἐλευσινίων</em></span> <span class='ocrx_word' id='word_1_157' title='bbox 630 4781 833 4888; x_wconf 78' lang='grc' dir='ltr'><em>ἀγομένων</em></span> <span class='ocrx_word' id='word_1_158' title='bbox 852 4783 1079 4882; x_wconf 69' lang='grc' dir='ltr'><em>περιέσωσαν</em></span> <span class='ocrx_word' id='word_1_159' title='bbox 1096 4815 1193 4874; x_wconf 85' lang='grc' dir='ltr'><em>τινες</em></span> <span class='ocrx_word' id='word_1_160' title='bbox 1198 4796 1529 4887; x_wconf 72' lang='grc' dir='ltr'><em>χειροτονηθέντες</em></span> 
     </span>
     <span class='ocr_line' id='line_1_31' title="bbox 153 4906 1528 5012; baseline 0.002 -28"><span class='ocrx_word' id='word_1_161' title='bbox 153 4906 321 4996; x_wconf 75' lang='grc' dir='ltr'><em>σπονδᾶς</em></span> <span class='ocrx_word' id='word_1_162' title='bbox 340 4906 539 4996; x_wconf 82' lang='grc' dir='ltr'><em>ποιοῦντες</em></span> <span class='ocrx_word' id='word_1_163' title='bbox 567 4917 610 4986; x_wconf 81' lang='grc' dir='ltr'><em>ε’ν</em></span> <span class='ocrx_word' id='word_1_164' title='bbox 636 4920 719 4997; x_wconf 84' lang='grc' dir='ltr'><em>ταῖς</em></span> <span class='ocrx_word' id='word_1_165' title='bbox 749 4907 926 4998; x_wconf 89' lang='grc' dir='ltr'><em>πόλεσιν,</em></span> <span class='ocrx_word' id='word_1_166' title='bbox 956 4906 1050 4986; x_wconf 68' lang='grc' dir='ltr'><em>ὥστε</em></span> <span class='ocrx_word' id='word_1_167' title='bbox 1074 4910 1127 5010; x_wconf 75' lang='grc' dir='ltr'><em>μή</em></span> <span class='ocrx_word' id='word_1_168' title='bbox 1149 4919 1332 5012; x_wconf 78' lang='grc' dir='ltr'><em>πολεμεῖν</em></span> <span class='ocrx_word' id='word_1_169' title='bbox 1352 4949 1441 4994; x_wconf 84' lang='grc' dir='ltr'><em>τινα</em></span> <span class='ocrx_word' id='word_1_170' title='bbox 1463 4917 1528 4992; x_wconf 77' lang='grc' dir='ltr'><em>τῶν</em></span> 
     </span>
     <span class='ocr_line' id='line_1_32' title="bbox 146 5027 1137 5137; baseline 0.002 -28"><span class='ocrx_word' id='word_1_171' title='bbox 146 5027 343 5126; x_wconf 72' lang='grc' dir='ltr'><em>Ἑλλήνων</em></span> <span class='ocrx_word' id='word_1_172' title='bbox 352 5092 363 5125; x_wconf 88' lang='lat'>,</span> <span class='ocrx_word' id='word_1_173' title='bbox 393 5030 476 5108; x_wconf 81' lang='grc' dir='ltr'><em>ἀλλ’</em></span> <span class='ocrx_word' id='word_1_174' title='bbox 497 5027 704 5129; x_wconf 73' lang='grc' dir='ltr'><em>ἡσυχάζειν</em></span> <span class='ocrx_word' id='word_1_175' title='bbox 721 5041 763 5111; x_wconf 76' lang='grc' dir='ltr'><em>ἐν</em></span> <span class='ocrx_word' id='word_1_176' title='bbox 782 5034 909 5134; x_wconf 82' lang='grc' dir='ltr'><em>τούτῳ</em></span> <span class='ocrx_word' id='word_1_177' title='bbox 928 5033 982 5134; x_wconf 75' lang='grc' dir='ltr'>τῴ</span> <span class='ocrx_word' id='word_1_178' title='bbox 1002 5037 1137 5137; x_wconf 67' lang='grc' dir='ltr'><em>καιρῷ.</em></span> 
     </span>
    </p>
   </div>
   <div class='ocr_carea' id='block_1_15' title="bbox 482 5162 1433 5267">
    <p class='ocr_par' dir='ltr' id='par_1_16' title="bbox 482 5162 1433 5267">
     <span class='ocr_line' id='line_1_33' title="bbox 482 5162 1433 5267; baseline 0.012 -27"><span class='ocrx_word' id='word_1_179' title='bbox 482 5162 625 5255; x_wconf 84' lang='lat' dir='ltr'>(Schol.</span> <span class='ocrx_word' id='word_1_180' title='bbox 642 5165 680 5238; x_wconf 88' lang='lat' dir='ltr'>in</span> <span class='ocrx_word' id='word_1_181' title='bbox 700 5163 871 5243; x_wconf 82' lang='lat' dir='ltr'>Aeschin.</span> <span class='ocrx_word' id='word_1_182' title='bbox 892 5166 938 5242; x_wconf 91' lang='lat' dir='ltr'>de</span> <span class='ocrx_word' id='word_1_183' title='bbox 956 5168 1051 5243; x_wconf 86' lang='lat' dir='ltr'>male</span> <span class='ocrx_word' id='word_1_184' title='bbox 1071 5179 1163 5265; x_wconf 83' lang='lat' dir='ltr'>gost.</span> <span class='ocrx_word' id='word_1_185' title='bbox 1184 5168 1295 5267; x_wconf 86' lang='lat' dir='ltr'>legat.</span> <span class='ocrx_word' id='word_1_186' title='bbox 1323 5175 1433 5267; x_wconf 85' lang='grc'><strong>133.)</strong></span> 
     </span>
    </p>
   </div>
   <div class='ocr_carea' id='block_1_16' title="bbox 0 0 1706 5782">
    <p class='ocr_par' dir='ltr' id='par_1_17' title="bbox 0 0 1706 5782">
     <span class='ocr_line' id='line_1_34' title="bbox 0 0 1706 5782; baseline 0 7"><span class='ocrx_word' id='word_1_187' title='bbox 0 0 1706 5782; x_wconf 95' lang='lat' dir='ltr'> </span> 
     </span>
    </p>
   </div>
  </div>
 </body>
</html>
