3436 5790
644 413 954 466 consumamus
973 413 1026 465 nn
1046 411 1091 468 aa
1477 390 1555 472 429

174 600 233 680 die
251 560 459 681 uocabatur
475 604 698 706 praefectus.
735 603 939 682 Sciendum
957 617 1015 683 est
1032 616 1176 703 numm,
1205 605 1494 705 quinquagenos
1510 607 1555 685 il-

169 729 227 807 los
250 740 403 808 vocatos
431 731 542 808 fuisse
571 743 832 835 prytanea,
861 731 976 809 denos
1004 732 1268 835 praesides
1298 725 1557 828 (προέδρους),

171 881 286 935 unum
304 857 409 934 illum
427 859 603 961 praese
615 870 741 935 ctum
765 852 1022 956 (ἐπιστάτην).

276 981 336 1062 Of.
356 981 481 1061 Schol.
500 985 547 1062 ad
566 983 759 1062 Demosth.
780 983 998 1064 Androtion.
1020 986 1108 1081 594,
1129 984 1190 1062 25.
1227 1003 1230 1014 '

275 1127 332 1204 Ex
351 1128 521 1204 omnibus
540 1127 597 1204 his
617 1127 707 1204 locis
726 1137 850 1229 patet,
879 1126 954 1205 duo
982 1127 1095 1205 fnisse
1121 1152 1262 1229 genera
1293 1127 1553 1207 Procdrorum.

168 1252 284 1328 Erant
311 1276 446 1354 nempe
473 1253 595 1354 primo
624 1253 780 1330 Proedri
800 1278 821 1329 e
840 1254 1065 1355 Prytanibus
1094 1254 1182 1330 deni
1209 1254 1257 1329 ad
1276 1263 1450 1353 septenos
1470 1253 1551 1330 dies

167 1387 265 1452 sorte
283 1376 415 1473 creati,
446 1388 623 1477 erantque
653 1402 719 1479 per
747 1377 786 1455 id
813 1391 963 1479 tempus
991 1379 1105 1456 totius
1129 1388 1281 1456 senatus
1298 1377 1487 1481 principes
1506 1404 1554 1455 ac·

167 1501 365 1603 praesides.
403 1501 478 1579 Sed
496 1501 543 1578 ab
562 1501 619 1579 his
643 1503 780 1580 diversi
800 1515 907 1581 erant
931 1505 1081 1581 alterius
1109 1504 1256 1602 generis
1285 1501 1460 1598 Proedri,
1488 1504 1552 1603 qui

167 1652 242 1704 non
271 1652 291 1702 e
320 1627 566 1728 Prytanibus,
600 1626 666 1705 sed
701 1655 720 1705 e
749 1627 898 1728 reliquis
934 1656 1073 1706 novem
1111 1629 1301 1724 tribubus,
1339 1629 1549 1729 prytaniam

168 1775 212 1826 eo
231 1762 395 1854 tempore
421 1779 498 1829 non
522 1754 758 1850 gerentibus,
787 1765 886 1831 sorte
915 1754 1157 1855 capiebantur
1184 1780 1208 1831 a
1235 1754 1443 1855 Prytanum
1463 1754 1548 1856 Epi·

167 1887 285 1973 stata,
313 1879 458 1976 quoties
487 1889 551 1953 aut
574 1889 725 1956 senatus
744 1891 808 1956 aut
826 1879 988 1982 populns
1007 1878 1270 1956 convocandus
1288 1889 1389 1974 erat,
1417 1878 1456 1955 id
1474 1890 1550 1971 est,

168 2003 331 2102 quotidie
349 2004 438 2080 fere.
475 2005 525 2082 Hi
544 2004 657 2104 igitur
685 2005 810 2082 vocari
838 2017 996 2107 possunt
1023 2007 1226 2107 proedri
1254 2030 1345 2081 non
1373 2005 1551 2081 contri·

167 2128 324 2224 hules,
353 2129 566 2228 quoniame
586 2155 722 2205 novem
741 2130 899 2206 diversis
919 2130 1092 2207 tribubus
1112 2141 1238 2227 erant;
1267 2131 1407 2231 priores
1427 2139 1551 2206 autem

167 2255 218 2331 illi
246 2256 582 2351 contribules,
612 2257 788 2356 quoniam
817 2258 987 2358 ejusdem
1016 2270 1123 2334 erant
1150 2283 1279 2335 omnes
1306 2257 1425 2335 tribus
1452 2281 1549 2352 πρυ-

167 2375 406 2470 τανευούσης.
452 2385 510 2459 De
543 2383 600 2459 his
634 2409 730 2459 non
766 2383 1142 2460 contribulibus
1178 2381 1345 2482 loquitur
1379 2382 1552 2482 superius

167 2506 300 2583 Pollux
330 2507 455 2601 (VIII,
485 2508 567 2600 96).
616 2508 664 2584 Et
690 2507 728 2583 hi
757 2506 907 2608 proedri
942 2534 1036 2585 non
1065 2506 1382 2584 contribules
1410 2531 1548 2582 novem

167 2643 289 2727 erant,
317 2633 453 2730 singuli
481 2657 500 2707 e
530 2632 686 2730 singulis
715 2632 904 2729 tribubus,
935 2644 1092 2734 excepta
1122 2658 1187 2729 ea,
1216 2657 1310 2732 quae
1338 2631 1547 2733 prytaniam

165 2758 341 2854 gerebat,
360 2783 436 2833 non
454 2768 496 2834 nt
520 2757 833 2835 contribules
861 2759 934 2853 illi,
964 2758 1011 2833 ad
1030 2769 1203 2860 septenos
1223 2757 1323 2852 dies,
1353 2756 1418 2833 sed
1438 2756 1485 2833 ad
1505 2757 1547 2833 il-

165 2880 218 2958 las
236 2883 494 2961 tantummodo
512 2885 622 2961 unius
641 2884 714 2961 diei
733 2882 866 2980 horas,
896 2884 1031 2984 quibus
1059 2896 1124 2961 aut
1146 2894 1298 2961 senatus
1316 2892 1381 2958 aut
1398 2882 1548 2957 comitia

165 3006 403 3106 haberentur,
414 3010 539 3087 creati.
560 3008 909 3103 (Schoemaunr
930 3009 975 3087 de
986 3008 1143 3086 comitiis
1154 3006 1289 3085 Athen.
1308 3032 1343 3108 p.
1356 3007 1547 3108 83-85.)

272 3135 430 3213 Causam
459 3135 617 3238 duplicis
646 3134 786 3211 ordinis
820 3134 1032 3235 praesidum
1059 3135 1111 3210 ita
1139 3133 1296 3234 exponit
1322 3132 1548 3209 clarissimus

165 3258 457 3340 Schoemannius
485 3261 628 3355 (ibid.
658 3287 694 3361 p.
720 3261 813 3353 86J:
843 3260 1026 3361 Prytanes
1057 3260 1262 3360 horumque
1292 3258 1479 3360 praesides
1510 3269 1548 3333 et

164 3386 373 3487 praelectus
392 3379 591 3483 (πρόεδροι
610 3396 648 3462 et
666 3377 881 3477 ἐπιστάτης)
910 3385 1019 3460 unius
1049 3410 1179 3461 omnes
1200 3395 1236 3463 et
1254 3383 1423 3488 ejusdem
1441 3395 1547 3460 erant

164 3511 293 3590 tribus.
330 3511 401 3606 Hi,
430 3512 519 3590 dum
544 3513 583 3589 in
602 3521 822 3613 prytaneatu
842 3521 966 3606 erant,
997 3511 1159 3588 universi
1178 3518 1330 3586 senatus
1348 3535 1546 3611 personam

163 3636 357 3735 gerebant.
394 3635 470 3715 Sed
497 3663 571 3738 quo
590 3637 788 3741 ampliores
806 3637 1072 3736 gravioresque
1090 3636 1129 3713 in
1147 3636 1342 3739 republica
1358 3647 1483 3737 partes
1502 3636 1546 3710 iis

164 3763 380 3841 commissae
408 3776 535 3860 erant,
574 3791 618 3840 eo
646 3764 763 3862 magis
792 3761 1034 3840 metuendum
1061 3761 1343 3862 cavendumque
1372 3772 1469 3856 erat,
1497 3787 1545 3837 ne

163 3886 311 3986 quando
340 3888 412 3966 hac
439 3899 543 3966 tanta
569 3898 757 3992 potestate
784 3889 881 3966 male
907 3899 1111 3965 uterentur.
1149 3887 1246 3990 Ipsi,
1274 3885 1450 3981 tribules,
1478 3912 1546 3986 per

162 4014 480 4116 trigintaquinque
509 4015 653 4093 dierum
677 4015 837 4116 spatium
865 4015 1091 4117 reliquarum
1120 4013 1284 4089 tribuum
1307 4010 1544 4089 senatoribus

162 4140 364 4242 praepositi
383 4141 568 4240 totiusque
584 4141 809 4244 reipublicae
830 4141 1039 4242 principes,
1059 4139 1089 4215 si
1110 4138 1259 4238 quando
1279 4163 1364 4213 snas
1383 4161 1543 4234 suaeque

162 4264 279 4343 tribus
308 4266 469 4345 rationes
497 4279 608 4367 atque
637 4267 835 4345 commoda
857 4263 1123 4363 areliquarum
1150 4263 1313 4340 tribuum
1340 4261 1543 4338 commodis

162 4388 340 4468 dissidere
369 4391 560 4489 viderent,
598 4381 810 4495 conspirare
839 4390 1013 4470 facillime
1050 4397 1245 4492 poterant,
1282 4399 1394 4489 atque
1423 4387 1543 4485 magis

162 4514 260 4614 quod
278 4517 348 4593 sibi
367 4519 536 4618 suisque,
567 4546 676 4620 quam
704 4518 804 4619 quod
831 4517 1005 4594 omnibus
1023 4514 1268 4608 conduceret,
1298 4513 1414 4614 sequi.
1452 4513 1543 4589 Eam

160 4641 207 4719 ob
235 4667 406 4738 causam,
437 4646 582 4743 quoties
608 4646 648 4722 in
674 4656 808 4723 senatu
835 4654 901 4720 aut
929 4641 1087 4719 comitiis
1114 4632 1271 4742 publica
1288 4638 1449 4739 ‘negotia
1466 4649 1539 4715 tra·

160 4767 296 4844 ctanda
314 4780 438 4864 erant,
469 4795 515 4847 ex
533 4769 580 4853 iis
597 4796 745 4870 quoque
770 4767 963 4867 tribubus,
991 4792 1148 4867 quarum
1165 4791 1241 4842 non
1261 4763 1542 4865 eratprytania,

160 4891 384 4971 creabantur
402 4895 539 4992 singuli
559 4895 649 4990 viri,
676 4895 739 4996 qui
757 4893 930 4971 adessent
948 4891 1188 4993 prytanibus‚
1214 4901 1251 4966 et
1269 4892 1300 4965 si
1320 4889 1409 4987 quid
1430 4888 1477 4963 ab
1498 4887 1542 4961 iis

161 5021 238 5096 fieri
258 5020 443 5116 viderent,
469 5023 570 5122 quod
589 5023 691 5099 bono
710 5023 863 5124 publico
881 5019 1077 5117 legibusve
1097 5016 1324 5095 contrarium
1343 5025 1461 5107 asset,
1487 5012 1541 5086 in-

158 5145 389 5224 tercederent
407 5159 517 5249 atque
536 5158 726 5246 vetarent3
745 5145 884 5248 siquid
903 5145 995 5247 ipsis
1013 5144 1257 5247 probaretur,
1277 5138 1540 5232 consentirent,
