<?xml version="1.0" encoding="UTF-8"?>
<!DOCTYPE html PUBLIC "-//W3C//DTD XHTML 1.0 Transitional//EN"
    "http://www.w3.org/TR/xhtml1/DTD/xhtml1-transitional.dtd">
<html xmlns="http://www.w3.org/1999/xhtml" xml:lang="en" lang="en">
 <head>
  <title>
</title>
<meta http-equiv="Content-Type" content="text/html;charset=utf-8" />
  <meta name='ocr-system' content='tesseract 3.04.00' />
  <meta name='ocr-capabilities' content='ocr_page ocr_carea ocr_par ocr_line ocrx_word'/>
</head>
<body>
  <div class='ocr_page' id='page_1' title='image "./synaggtnattiknn00tlgoog_0261.png"; bbox 0 0 3436 5790; ppageno 0'>
   <div class='ocr_carea' id='block_1_1' title="bbox 651 387 1514 468">
    <p class='ocr_par' dir='ltr' id='par_1_1' title="bbox 651 387 1514 468">
     <span class='ocr_line' id='line_1_1' title="bbox 651 387 1514 468; baseline -0.007 0"><span class='ocrx_word' id='word_1_1' title='bbox 651 389 1003 468; x_wconf 61' lang='lat' dir='ltr'>nomannorum·</span> <span class='ocrx_word' id='word_1_2' title='bbox 1437 387 1514 464; x_wconf 83' lang='grc'>237</span> 
     </span>
    </p>
   </div>
   <div class='ocr_carea' id='block_1_2' title="bbox 780 605 867 680">
    <p class='ocr_par' dir='ltr' id='par_1_2' title="bbox 780 605 867 680">
     <span class='ocr_line' id='line_1_2' title="bbox 780 605 867 680; baseline 0.023 -2"><span class='ocrx_word' id='word_1_3' title='bbox 780 605 867 680; x_wconf 83' lang='grc'><strong>936.</strong></span> 
     </span>
    </p>
   </div>
   <div class='ocr_carea' id='block_1_3' title="bbox 138 749 1515 1108">
    <p class='ocr_par' dir='ltr' id='par_1_3' title="bbox 138 749 1515 1108">
     <span class='ocr_line' id='line_1_3' title="bbox 242 749 1513 855; baseline -0.006 -26"><span class='ocrx_word' id='word_1_4' title='bbox 242 754 478 832; x_wconf 84' lang='lat' dir='ltr'>Trierarchia</span> <span class='ocrx_word' id='word_1_5' title='bbox 506 764 563 831; x_wconf 87' lang='lat' dir='ltr'>est</span> <span class='ocrx_word' id='word_1_6' title='bbox 589 750 780 855; x_wconf 88' lang='lat' dir='ltr'>publicum</span> <span class='ocrx_word' id='word_1_7' title='bbox 807 777 951 826; x_wconf 91' lang='lat' dir='ltr'>munus.</span> <span class='ocrx_word' id='word_1_8' title='bbox 997 750 1156 852; x_wconf 78' lang='lat' dir='ltr'><strong>Oportet</strong></span> <span class='ocrx_word' id='word_1_9' title='bbox 1190 749 1289 824; x_wconf 89' lang='lat' dir='ltr'>enim</span> <span class='ocrx_word' id='word_1_10' title='bbox 1326 749 1513 823; x_wconf 83' lang='lat' dir='ltr'>triremem</span> 
     </span>
     <span class='ocr_line' id='line_1_4' title="bbox 138 870 1515 972; baseline -0.005 -17"><span class='ocrx_word' id='word_1_11' title='bbox 138 880 307 955; x_wconf 90' lang='lat' dir='ltr'>omnibus</span> <span class='ocrx_word' id='word_1_12' title='bbox 335 879 445 956; x_wconf 87' lang='lat' dir='ltr'>rebus</span> <span class='ocrx_word' id='word_1_13' title='bbox 473 877 520 955; x_wconf 90' lang='lat' dir='ltr'>ad</span> <span class='ocrx_word' id='word_1_14' title='bbox 548 878 687 954; x_wconf 90' lang='lat' dir='ltr'>bellum</span> <span class='ocrx_word' id='word_1_15' title='bbox 715 875 932 953; x_wconf 87' lang='lat' dir='ltr'>necessariis</span> <span class='ocrx_word' id='word_1_16' title='bbox 959 876 1179 952; x_wconf 76' lang='lat' dir='ltr'><strong>instructam</strong></span> <span class='ocrx_word' id='word_1_17' title='bbox 1205 899 1305 968; x_wconf 83' lang='lat' dir='ltr'>esse,</span> <span class='ocrx_word' id='word_1_18' title='bbox 1337 897 1429 972; x_wconf 90' lang='lat' dir='ltr'>quas</span> <span class='ocrx_word' id='word_1_19' title='bbox 1452 870 1515 948; x_wconf 83' lang='lat' dir='ltr'>ille</span> 
     </span>
     <span class='ocr_line' id='line_1_5' title="bbox 140 999 983 1108; baseline -0.005 -26"><span class='ocrx_word' id='word_1_20' title='bbox 140 1005 313 1108; x_wconf 89' lang='lat' dir='ltr'>praebet,</span> <span class='ocrx_word' id='word_1_21' title='bbox 343 1005 405 1104; x_wconf 92' lang='lat' dir='ltr'>qui</span> <span class='ocrx_word' id='word_1_22' title='bbox 423 1005 471 1081; x_wconf 91' lang='lat' dir='ltr'>ad</span> <span class='ocrx_word' id='word_1_23' title='bbox 488 1028 623 1081; x_wconf 88' lang='lat' dir='ltr'>munus</span> <span class='ocrx_word' id='word_1_24' title='bbox 641 1002 712 1079; x_wconf 94' lang='lat' dir='ltr'>hoc</span> <span class='ocrx_word' id='word_1_25' title='bbox 733 999 898 1078; x_wconf 86' lang='lat' dir='ltr'>delectus</span> <span class='ocrx_word' id='word_1_26' title='bbox 917 1011 983 1078; x_wconf 89' lang='lat' dir='ltr'>est.</span> 
     </span>
    </p>
   </div>
   <div class='ocr_carea' id='block_1_4' title="bbox 781 1160 868 1238">
    <p class='ocr_par' dir='ltr' id='par_1_4' title="bbox 781 1160 868 1238">
     <span class='ocr_line' id='line_1_6' title="bbox 781 1160 868 1238; baseline 0.034 -3"><span class='ocrx_word' id='word_1_27' title='bbox 781 1160 868 1238; x_wconf 87' lang='grc'><strong>937.</strong></span> 
     </span>
    </p>
   </div>
   <div class='ocr_carea' id='block_1_5' title="bbox 246 1299 1407 1406">
    <p class='ocr_par' dir='ltr' id='par_1_5' title="bbox 246 1299 1407 1406">
     <span class='ocr_line' id='line_1_7' title="bbox 246 1299 1407 1406; baseline -0.003 -25"><span class='ocrx_word' id='word_1_28' title='bbox 246 1303 475 1406; x_wconf 77' lang='grc' dir='ltr'><strong><em>Τριηραρχοι</em></strong></span> <span class='ocrx_word' id='word_1_29' title='bbox 496 1308 757 1382; x_wconf 75' lang='grc' dir='ltr'><strong><em>καθίστανται</em></strong></span> <span class='ocrx_word' id='word_1_30' title='bbox 775 1299 1012 1403; x_wconf 80' lang='grc' dir='ltr'><strong><em>τετρακόσιοι</em></strong></span> <span class='ocrx_word' id='word_1_31' title='bbox 1032 1300 1196 1378; x_wconf 79' lang='grc' dir='ltr'><em>ἑκάστου</em></span> <span class='ocrx_word' id='word_1_32' title='bbox 1214 1301 1407 1379; x_wconf 74' lang='grc' dir='ltr'><strong><em>ἐνιαυτοῦ.</em></strong></span> 
     </span>
    </p>
   </div>
   <div class='ocr_carea' id='block_1_6' title="bbox 718 1428 1409 1534">
    <p class='ocr_par' dir='ltr' id='par_1_6' title="bbox 718 1428 1409 1534">
     <span class='ocr_line' id='line_1_8' title="bbox 718 1428 1409 1534; baseline -0.013 -23"><span class='ocrx_word' id='word_1_33' title='bbox 718 1432 962 1533; x_wconf 84' lang='lat' dir='ltr'>(Xenophon.</span> <span class='ocrx_word' id='word_1_34' title='bbox 980 1432 1092 1534; x_wconf 86' lang='lat' dir='ltr'>Resp.</span> <span class='ocrx_word' id='word_1_35' title='bbox 1114 1428 1243 1511; x_wconf 77' lang='lat' dir='ltr'>auen.</span> <span class='ocrx_word' id='word_1_36' title='bbox 1263 1431 1331 1525; x_wconf 85' lang='lat'>111,</span> <span class='ocrx_word' id='word_1_37' title='bbox 1351 1430 1409 1526; x_wconf 82' lang='grc'>4.)</span> 
     </span>
    </p>
   </div>
   <div class='ocr_carea' id='block_1_7' title="bbox 243 1594 1293 1842">
    <p class='ocr_par' dir='ltr' id='par_1_7' title="bbox 243 1594 1293 1842">
     <span class='ocr_line' id='line_1_9' title="bbox 780 1594 868 1671; baseline 0.045 -4"><span class='ocrx_word' id='word_1_38' title='bbox 780 1594 868 1671; x_wconf 85' lang='grc'><strong>937.</strong></span> 
     </span>
     <span class='ocr_line' id='line_1_10' title="bbox 243 1739 1293 1842; baseline 0.003 -28"><span class='ocrx_word' id='word_1_39' title='bbox 243 1739 486 1817; x_wconf 87' lang='lat' dir='ltr'>Trierarchae</span> <span class='ocrx_word' id='word_1_40' title='bbox 507 1741 782 1818; x_wconf 89' lang='lat' dir='ltr'>constituuntur</span> <span class='ocrx_word' id='word_1_41' title='bbox 801 1741 1000 1840; x_wconf 77' lang='lat' dir='ltr'>quotannis</span> <span class='ocrx_word' id='word_1_42' title='bbox 1020 1740 1293 1842; x_wconf 83' lang='lat' dir='ltr'>quadringenti.</span> 
     </span>
    </p>
   </div>
   <div class='ocr_carea' id='block_1_8' title="bbox 247 1900 1408 2263">
    <p class='ocr_par' dir='ltr' id='par_1_8' title="bbox 247 1900 1408 2263">
     <span class='ocr_line' id='line_1_11' title="bbox 783 1900 870 1977; baseline 0.023 -2"><span class='ocrx_word' id='word_1_43' title='bbox 783 1900 870 1977; x_wconf 85' lang='grc'><strong>938.</strong></span> 
     </span>
     <span class='ocr_line' id='line_1_12' title="bbox 247 2037 1079 2148; baseline 0.002 -30"><span class='ocrx_word' id='word_1_44' title='bbox 247 2043 292 2118; x_wconf 80' lang='lat' dir='ltr'>Oi</span> <span class='ocrx_word' id='word_1_45' title='bbox 312 2045 512 2148; x_wconf 73' lang='grc' dir='ltr'><strong><em>στρατηγοὶ</em></strong></span> <span class='ocrx_word' id='word_1_46' title='bbox 531 2037 763 2141; x_wconf 77' lang='grc' dir='ltr'><strong><em>τριήραρχον</em></strong></span> <span class='ocrx_word' id='word_1_47' title='bbox 782 2040 1003 2119; x_wconf 78' lang='grc' dir='ltr'><strong><em>καθιστᾶσι.</em></strong></span> <span class='ocrx_word' id='word_1_48' title='bbox 1075 2108 1079 2120; x_wconf 97' lang='grc'><strong>.</strong></span> 
     </span>
     <span class='ocr_line' id='line_1_13' title="bbox 716 2168 1408 2263; baseline -0.007 -16"><span class='ocrx_word' id='word_1_49' title='bbox 716 2193 718 2197; x_wconf 86' lang='grc'><em>·</em></span> <span class='ocrx_word' id='word_1_50' title='bbox 764 2169 978 2263; x_wconf 89' lang='lat' dir='ltr'>(Demosth.</span> <span class='ocrx_word' id='word_1_51' title='bbox 997 2169 1080 2247; x_wconf 87' lang='lat' dir='ltr'>adv.</span> <span class='ocrx_word' id='word_1_52' title='bbox 1101 2172 1229 2248; x_wconf 90' lang='lat' dir='ltr'>Bocot.</span> <span class='ocrx_word' id='word_1_53' title='bbox 1250 2172 1278 2248; x_wconf 92' lang='lat'>1.</span> <span class='ocrx_word' id='word_1_54' title='bbox 1299 2168 1408 2262; x_wconf 83' lang='grc'><strong>997.)</strong></span> 
     </span>
    </p>
   </div>
   <div class='ocr_carea' id='block_1_9' title="bbox 783 2331 872 2406">
    <p class='ocr_par' dir='ltr' id='par_1_9' title="bbox 783 2331 872 2406">
     <span class='ocr_line' id='line_1_14' title="bbox 783 2331 872 2406; baseline 0.011 -1"><span class='ocrx_word' id='word_1_55' title='bbox 783 2331 872 2406; x_wconf 86' lang='grc'><strong>938.</strong></span> 
     </span>
    </p>
   </div>
   <div class='ocr_carea' id='block_1_10' title="bbox 244 2475 1011 2712">
    <p class='ocr_par' dir='ltr' id='par_1_10' title="bbox 244 2475 1011 2712">
     <span class='ocr_line' id='line_1_15' title="bbox 244 2475 1011 2579; baseline -0.003 -25"><span class='ocrx_word' id='word_1_56' title='bbox 244 2479 494 2579; x_wconf 83' lang='lat' dir='ltr'>Imperatores</span> <span class='ocrx_word' id='word_1_57' title='bbox 514 2476 744 2552; x_wconf 87' lang='lat' dir='ltr'>constituunt</span> <span class='ocrx_word' id='word_1_58' title='bbox 762 2475 1011 2553; x_wconf 76' lang='lat' dir='ltr'>trierarchum.</span> 
     </span>
     <span class='ocr_line' id='line_1_16' title="bbox 785 2634 873 2712; baseline 0.045 -4"><span class='ocrx_word' id='word_1_59' title='bbox 785 2634 873 2712; x_wconf 86' lang='grc'><strong>939.</strong></span> 
     </span>
    </p>
   </div>
   <div class='ocr_carea' id='block_1_11' title="bbox 248 2765 1515 2876">
    <p class='ocr_par' dir='ltr' id='par_1_11' title="bbox 248 2765 1515 2876">
     <span class='ocr_line' id='line_1_17' title="bbox 248 2765 1515 2876; baseline 0.001 -26"><span class='ocrx_word' id='word_1_60' title='bbox 248 2771 349 2863; x_wconf 83' lang='grc' dir='ltr'><strong><em>Τοάς</em></strong></span> <span class='ocrx_word' id='word_1_61' title='bbox 368 2771 615 2876; x_wconf 80' lang='grc' dir='ltr'><strong><em>τριηράρχους</em></strong></span> <span class='ocrx_word' id='word_1_62' title='bbox 633 2770 705 2850; x_wconf 86' lang='grc' dir='ltr'>τάν</span> <span class='ocrx_word' id='word_1_63' title='bbox 725 2771 879 2874; x_wconf 76' lang='grc' dir='ltr'><strong><em>μισθὸν</em></strong></span> <span class='ocrx_word' id='word_1_64' title='bbox 897 2779 965 2850; x_wconf 82' lang='grc' dir='ltr'>καὶ</span> <span class='ocrx_word' id='word_1_65' title='bbox 983 2772 1029 2851; x_wconf 86' lang='grc' dir='ltr'>τά</span> <span class='ocrx_word' id='word_1_66' title='bbox 1049 2781 1256 2875; x_wconf 80' lang='grc' dir='ltr'><strong><em>σιτηρέσιον</em></strong></span> <span class='ocrx_word' id='word_1_67' title='bbox 1274 2786 1355 2864; x_wconf 84' lang='grc' dir='ltr'><strong><em>ταῖς</em></strong></span> <span class='ocrx_word' id='word_1_68' title='bbox 1373 2765 1515 2875; x_wconf 66' lang='lat' dir='ltr'>sinuos—</span> 
     </span>
    </p>
   </div>
   <div class='ocr_carea' id='block_1_12' title="bbox 143 2897 1331 3010">
    <p class='ocr_par' dir='ltr' id='par_1_12' title="bbox 143 2897 1331 3010">
     <span class='ocr_line' id='line_1_18' title="bbox 143 2897 1331 3010; baseline 0.003 -34"><span class='ocrx_word' id='word_1_69' title='bbox 143 2906 237 2991; x_wconf 88' lang='grc' dir='ltr'><strong><em>σίαις</em></strong></span> <span class='ocrx_word' id='word_1_70' title='bbox 254 2906 323 2978; x_wconf 82' lang='grc' dir='ltr'>καὶ</span> <span class='ocrx_word' id='word_1_71' title='bbox 341 2910 421 2990; x_wconf 86' lang='grc' dir='ltr'><strong><em>τοῖς</em></strong></span> <span class='ocrx_word' id='word_1_72' title='bbox 440 2899 636 3002; x_wconf 75' lang='grc' dir='ltr'><strong><em>ἐπιβάταις</em></strong></span> <span class='ocrx_word' id='word_1_73' title='bbox 655 2897 754 3001; x_wconf 85' lang='grc' dir='ltr'><strong><em>παρά</em></strong></span> <span class='ocrx_word' id='word_1_74' title='bbox 776 2900 855 2979; x_wconf 81' lang='grc' dir='ltr'>τῶν</span> <span class='ocrx_word' id='word_1_75' title='bbox 875 2901 1093 3010; x_wconf 72' lang='grc' dir='ltr'><strong><em>στρατηγῶν</em></strong></span> <span class='ocrx_word' id='word_1_76' title='bbox 1111 2899 1331 3002; x_wconf 78' lang='grc' dir='ltr'><strong><em>λαμβάνειν.</em></strong></span> 
     </span>
    </p>
   </div>
   <div class='ocr_carea' id='block_1_13' title="bbox 720 3029 1410 3133">
    <p class='ocr_par' dir='ltr' id='par_1_13' title="bbox 720 3029 1410 3133">
     <span class='ocr_line' id='line_1_19' title="bbox 720 3029 1410 3133; baseline -0.003 -27"><span class='ocrx_word' id='word_1_77' title='bbox 720 3032 931 3125; x_wconf 89' lang='lat' dir='ltr'>(Demosth.</span> <span class='ocrx_word' id='word_1_78' title='bbox 950 3032 1034 3109; x_wconf 88' lang='lat' dir='ltr'>adv.</span> <span class='ocrx_word' id='word_1_79' title='bbox 1054 3029 1254 3133; x_wconf 83' lang='lat' dir='ltr'>Polyclem.</span> <span class='ocrx_word' id='word_1_80' title='bbox 1278 3030 1410 3124; x_wconf 83' lang='grc'><strong>1209.)</strong></span> 
     </span>
    </p>
   </div>
   <div class='ocr_carea' id='block_1_14' title="bbox 781 3193 869 3270">
    <p class='ocr_par' dir='ltr' id='par_1_14' title="bbox 781 3193 869 3270">
     <span class='ocr_line' id='line_1_20' title="bbox 781 3193 869 3270; baseline 0.011 -1"><span class='ocrx_word' id='word_1_81' title='bbox 781 3193 869 3270; x_wconf 92' lang='grc'><strong>939.</strong></span> 
     </span>
    </p>
   </div>
   <div class='ocr_carea' id='block_1_15' title="bbox 141 3334 1516 3566">
    <p class='ocr_par' dir='ltr' id='par_1_15' title="bbox 141 3334 1516 3566">
     <span class='ocr_line' id='line_1_21' title="bbox 244 3334 1516 3437; baseline -0.002 -26"><span class='ocrx_word' id='word_1_82' title='bbox 244 3336 486 3412; x_wconf 84' lang='lat' dir='ltr'>Trierarchae</span> <span class='ocrx_word' id='word_1_83' title='bbox 517 3334 727 3412; x_wconf 87' lang='lat' dir='ltr'>mercedem</span> <span class='ocrx_word' id='word_1_84' title='bbox 755 3346 793 3411; x_wconf 90' lang='lat' dir='ltr'>et</span> <span class='ocrx_word' id='word_1_85' title='bbox 820 3347 1068 3411; x_wconf 82' lang='lat' dir='ltr'>commeatum</span> <span class='ocrx_word' id='word_1_86' title='bbox 1095 3363 1163 3437; x_wconf 89' lang='lat' dir='ltr'>pro</span> <span class='ocrx_word' id='word_1_87' title='bbox 1182 3336 1357 3414; x_wconf 85' lang='lat' dir='ltr'>ministris</span> <span class='ocrx_word' id='word_1_88' title='bbox 1375 3334 1516 3412; x_wconf 88' lang='lat' dir='ltr'>navali·</span> 
     </span>
     <span class='ocr_line' id='line_1_22' title="bbox 141 3460 1261 3566; baseline 0.001 -28"><span class='ocrx_word' id='word_1_89' title='bbox 141 3463 209 3538; x_wconf 90' lang='lat' dir='ltr'>bus</span> <span class='ocrx_word' id='word_1_90' title='bbox 228 3473 265 3539; x_wconf 91' lang='lat' dir='ltr'>et</span> <span class='ocrx_word' id='word_1_91' title='bbox 285 3461 478 3538; x_wconf 83' lang='lat' dir='ltr'>classiariis</span> <span class='ocrx_word' id='word_1_92' title='bbox 497 3460 676 3537; x_wconf 87' lang='lat' dir='ltr'>militibus</span> <span class='ocrx_word' id='word_1_93' title='bbox 695 3461 743 3537; x_wconf 91' lang='lat' dir='ltr'>ab</span> <span class='ocrx_word' id='word_1_94' title='bbox 762 3461 1048 3562; x_wconf 87' lang='lat' dir='ltr'>imperatoribus</span> <span class='ocrx_word' id='word_1_95' title='bbox 1067 3461 1261 3566; x_wconf 88' lang='lat' dir='ltr'>accipiant.</span> 
     </span>
    </p>
   </div>
   <div class='ocr_carea' id='block_1_16' title="bbox 140 3623 1517 4112">
    <p class='ocr_par' dir='ltr' id='par_1_16' title="bbox 140 3623 1517 4112">
     <span class='ocr_line' id='line_1_23' title="bbox 784 3623 872 3699; baseline 0.034 -4"><span class='ocrx_word' id='word_1_96' title='bbox 784 3623 872 3699; x_wconf 83' lang='lat'><strong>940.</strong></span> 
     </span>
     <span class='ocr_line' id='line_1_24' title="bbox 250 3760 1517 3864; baseline -0.002 -25"><span class='ocrx_word' id='word_1_97' title='bbox 250 3765 337 3840; x_wconf 76' lang='grc' dir='ltr'>Τῶν</span> <span class='ocrx_word' id='word_1_98' title='bbox 350 3767 425 3864; x_wconf 77' lang='grc' dir='ltr'>μὲν</span> <span class='ocrx_word' id='word_1_99' title='bbox 445 3763 600 3840; x_wconf 78' lang='grc' dir='ltr'><strong><em>ναυτῶν</em></strong></span> <span class='ocrx_word' id='word_1_100' title='bbox 623 3761 834 3862; x_wconf 81' lang='grc' dir='ltr'><strong><em>τριάκοντα</em></strong></span> <span class='ocrx_word' id='word_1_101' title='bbox 862 3760 1036 3862; x_wconf 84' lang='grc' dir='ltr'><strong><em>δραχμάς</em></strong></span> <span class='ocrx_word' id='word_1_102' title='bbox 1064 3770 1224 3851; x_wconf 71' lang='grc' dir='ltr'><strong><em>ἕκαστος</em></strong></span> <span class='ocrx_word' id='word_1_103' title='bbox 1252 3767 1329 3860; x_wconf 73' lang='grc' dir='ltr'><strong><em>ἔχει</em></strong></span> <span class='ocrx_word' id='word_1_104' title='bbox 1342 3821 1352 3852; x_wconf 85' lang='grc'>,</span> <span class='ocrx_word' id='word_1_105' title='bbox 1381 3763 1459 3839; x_wconf 75' lang='grc' dir='ltr'>τῶν</span> <span class='ocrx_word' id='word_1_106' title='bbox 1479 3761 1517 3837; x_wconf 84' lang='grc' dir='ltr'>δὲ</span> 
     </span>
     <span class='ocr_line' id='line_1_25' title="bbox 140 3886 1393 3993; baseline -0.002 -27"><span class='ocrx_word' id='word_1_107' title='bbox 140 3890 376 3993; x_wconf 89' lang='grc' dir='ltr'><strong><em>τριηράρχων</em></strong></span> <span class='ocrx_word' id='word_1_108' title='bbox 394 3886 604 3991; x_wconf 81' lang='grc' dir='ltr'><strong><em>τριάκοντα</em></strong></span> <span class='ocrx_word' id='word_1_109' title='bbox 617 3889 720 3990; x_wconf 81' lang='grc' dir='ltr'><strong><em>μνᾶς</em></strong></span> <span class='ocrx_word' id='word_1_110' title='bbox 737 3893 791 3978; x_wconf 76' lang='grc' dir='ltr'>εἰς</span> <span class='ocrx_word' id='word_1_111' title='bbox 810 3893 997 3967; x_wconf 77' lang='grc' dir='ltr'><strong><em>ἐπίπλουν</em></strong></span> <span class='ocrx_word' id='word_1_112' title='bbox 1015 3888 1204 3989; x_wconf 79' lang='grc' dir='ltr'><strong><em>λαμβάνει</em></strong></span> <span class='ocrx_word' id='word_1_113' title='bbox 1224 3896 1393 3977; x_wconf 72' lang='grc' dir='ltr'>ἕκαστος.</span> 
     </span>
     <span class='ocr_line' id='line_1_26' title="bbox 598 4018 1411 4112; baseline -0.002 -17"><span class='ocrx_word' id='word_1_114' title='bbox 598 4021 811 4112; x_wconf 87' lang='lat' dir='ltr'>(Demosth.</span> <span class='ocrx_word' id='word_1_115' title='bbox 830 4019 877 4097; x_wconf 87' lang='lat' dir='ltr'>de</span> <span class='ocrx_word' id='word_1_116' title='bbox 897 4018 1047 4097; x_wconf 79' lang='lat' dir='ltr'>Corona</span> <span class='ocrx_word' id='word_1_117' title='bbox 1064 4019 1253 4096; x_wconf 88' lang='lat' dir='ltr'>trierarch.</span> <span class='ocrx_word' id='word_1_118' title='bbox 1277 4019 1411 4112; x_wconf 83' lang='lat'><strong>1231.)</strong></span> 
     </span>
    </p>
   </div>
   <div class='ocr_carea' id='block_1_17' title="bbox 785 4181 872 4255">
    <p class='ocr_par' dir='ltr' id='par_1_17' title="bbox 785 4181 872 4255">
     <span class='ocr_line' id='line_1_27' title="bbox 785 4181 872 4255; baseline 0.023 -2"><span class='ocrx_word' id='word_1_119' title='bbox 785 4181 872 4255; x_wconf 85' lang='grc'><strong>940.</strong></span> 
     </span>
    </p>
   </div>
   <div class='ocr_carea' id='block_1_18' title="bbox 141 4324 1520 4553">
    <p class='ocr_par' dir='ltr' id='par_1_18' title="bbox 141 4324 1520 4553">
     <span class='ocr_line' id='line_1_28' title="bbox 246 4324 1520 4430; baseline -0.002 -26"><span class='ocrx_word' id='word_1_120' title='bbox 246 4331 452 4405; x_wconf 87' lang='lat' dir='ltr'>Nautarum</span> <span class='ocrx_word' id='word_1_121' title='bbox 469 4328 623 4428; x_wconf 92' lang='lat' dir='ltr'>quisque</span> <span class='ocrx_word' id='word_1_122' title='bbox 644 4328 804 4403; x_wconf 87' lang='lat' dir='ltr'>tricenas</span> <span class='ocrx_word' id='word_1_123' title='bbox 828 4324 1023 4403; x_wconf 88' lang='lat' dir='ltr'>drachmas</span> <span class='ocrx_word' id='word_1_124' title='bbox 1052 4326 1206 4430; x_wconf 89' lang='lat' dir='ltr'>accipit,</span> <span class='ocrx_word' id='word_1_125' title='bbox 1236 4325 1520 4402; x_wconf 88' lang='lat' dir='ltr'>trierarcharum</span> 
     </span>
     <span class='ocr_line' id='line_1_29' title="bbox 141 4450 1437 4553; baseline 0 -26"><span class='ocrx_word' id='word_1_126' title='bbox 141 4480 228 4531; x_wconf 90' lang='lat' dir='ltr'>vero</span> <span class='ocrx_word' id='word_1_127' title='bbox 247 4454 378 4552; x_wconf 93' lang='lat' dir='ltr'>cuique</span> <span class='ocrx_word' id='word_1_128' title='bbox 397 4452 559 4528; x_wconf 85' lang='lat' dir='ltr'>tricenae</span> <span class='ocrx_word' id='word_1_129' title='bbox 578 4451 699 4528; x_wconf 88' lang='lat' dir='ltr'>minae</span> <span class='ocrx_word' id='word_1_130' title='bbox 718 4478 786 4553; x_wconf 91' lang='lat' dir='ltr'>pro</span> <span class='ocrx_word' id='word_1_131' title='bbox 808 4450 1044 4551; x_wconf 85' lang='lat' dir='ltr'>expeditione</span> <span class='ocrx_word' id='word_1_132' title='bbox 1064 4451 1170 4527; x_wconf 90' lang='lat' dir='ltr'>navis</span> <span class='ocrx_word' id='word_1_133' title='bbox 1189 4464 1437 4529; x_wconf 88' lang='lat' dir='ltr'>numerantur.</span> 
     </span>
    </p>
   </div>
   <div class='ocr_carea' id='block_1_19' title="bbox 252 4729 1517 4833">
    <p class='ocr_par' dir='ltr' id='par_1_19' title="bbox 252 4729 1517 4833">
     <span class='ocr_line' id='line_1_30' title="bbox 252 4729 1517 4833; baseline -0.003 -22"><span class='ocrx_word' id='word_1_134' title='bbox 252 4733 351 4824; x_wconf 82' lang='grc' dir='ltr'>Τούς</span> <span class='ocrx_word' id='word_1_135' title='bbox 371 4733 575 4833; x_wconf 77' lang='grc' dir='ltr'><strong><em>διαδόχους</em></strong></span> <span class='ocrx_word' id='word_1_136' title='bbox 595 4730 745 4815; x_wconf 79' lang='grc' dir='ltr'><strong><em>ἀπιέναι</em></strong></span> <span class='ocrx_word' id='word_1_137' title='bbox 764 4739 825 4810; x_wconf 72' lang='grc' dir='ltr'>ἐπὶ</span> <span class='ocrx_word' id='word_1_138' title='bbox 852 4729 919 4822; x_wconf 88' lang='grc' dir='ltr'>τάς</span> <span class='ocrx_word' id='word_1_139' title='bbox 947 4733 1063 4823; x_wconf 82' lang='grc' dir='ltr'><strong><em>ναῦς,</em></strong></span> <span class='ocrx_word' id='word_1_140' title='bbox 1094 4729 1191 4810; x_wconf 80' lang='grc' dir='ltr'><strong><em>ὅταν</em></strong></span> <span class='ocrx_word' id='word_1_141' title='bbox 1207 4736 1517 4813; x_wconf 75' lang='grc' dir='ltr'><strong><em>κατασταθῶσιν.</em></strong></span> 
     </span>
    </p>
   </div>
   <div class='ocr_carea' id='block_1_20' title="bbox 721 4863 1412 4965">
    <p class='ocr_par' dir='ltr' id='par_1_20' title="bbox 721 4863 1412 4965">
     <span class='ocr_line' id='line_1_31' title="bbox 721 4863 1412 4965; baseline -0.001 -26"><span class='ocrx_word' id='word_1_142' title='bbox 721 4864 933 4959; x_wconf 84' lang='lat' dir='ltr'>(Demosth.</span> <span class='ocrx_word' id='word_1_143' title='bbox 953 4863 1037 4938; x_wconf 89' lang='lat' dir='ltr'>adv.</span> <span class='ocrx_word' id='word_1_144' title='bbox 1057 4863 1255 4965; x_wconf 87' lang='lat' dir='ltr'>Polyclem.</span> <span class='ocrx_word' id='word_1_145' title='bbox 1279 4865 1412 4957; x_wconf 89' lang='grc'><strong>1226.)</strong></span> 
     </span>
    </p>
   </div>
   <div class='ocr_carea' id='block_1_21' title="bbox 247 5028 1517 5257">
    <p class='ocr_par' dir='ltr' id='par_1_21' title="bbox 247 5028 1517 5257">
     <span class='ocr_line' id='line_1_32' title="bbox 787 5028 875 5104; baseline 0.011 -1"><span class='ocrx_word' id='word_1_146' title='bbox 787 5028 875 5104; x_wconf 86' lang='grc'><strong>941.</strong></span> 
     </span>
     <span class='ocr_line' id='line_1_33' title="bbox 247 5151 1517 5257; baseline -0.005 -24"><span class='ocrx_word' id='word_1_147' title='bbox 247 5152 488 5233; x_wconf 70' lang='lat' dir='ltr'>successores</span> <span class='ocrx_word' id='word_1_148' title='bbox 506 5152 555 5231; x_wconf 90' lang='lat' dir='ltr'>ad</span> <span class='ocrx_word' id='word_1_149' title='bbox 572 5176 690 5232; x_wconf 81' lang='lat' dir='ltr'>naves</span> <span class='ocrx_word' id='word_1_150' title='bbox 707 5155 857 5250; x_wconf 85' lang='lat' dir='ltr'>abeant,</span> <span class='ocrx_word' id='word_1_151' title='bbox 877 5179 988 5254; x_wconf 90' lang='lat' dir='ltr'>quum</span> <span class='ocrx_word' id='word_1_152' title='bbox 999 5153 1159 5257; x_wconf 88' lang='lat' dir='ltr'>primum</span> <span class='ocrx_word' id='word_1_153' title='bbox 1174 5151 1517 5252; x_wconf 81' lang='lat' dir='ltr'>fuerintdesignati.</span> 
     </span>
    </p>
   </div>
   <div class='ocr_carea' id='block_1_22' title="bbox 0 0 1722 5790">
    <p class='ocr_par' dir='ltr' id='par_1_22' title="bbox 0 0 1722 5790">
     <span class='ocr_line' id='line_1_34' title="bbox 0 0 1722 5790; baseline 0 4"><span class='ocrx_word' id='word_1_154' title='bbox 0 0 1722 5790; x_wconf 95' lang='lat' dir='ltr'> </span> 
     </span>
    </p>
   </div>
  </div>
 </body>
</html>
