3436 5790
162 397 244 475 ⁶08
642 411 952 467 oouussrsuuus
971 408 1024 462 sn
1044 405 1125 463 tres.

157 621 249 691 ‘rent
275 634 451 712 operam,
480 636 502 684 a
528 633 567 683 re
586 605 761 683 familiari
779 602 966 694 destituti,
995 613 1069 678 tam
1089 604 1201 680 ‘bono
1229 611 1357 678 temen
1385 604 1554 703 corporis
1585 636 1595 646 ·

162 735 294 814 habitu
321 734 474 810 essent?
501 731 646 826 Quibus
669 731 723 806 illi
750 726 1046 828 responderunt,
1076 728 1364 829 e‘pistrinornm
1393 728 1557 806 dominis

162 860 345 961 aliquem,
374 879 485 957 quem
504 856 767 946 nominabant,
787 862 1027 929 arcesserent.
1065 852 1140 944 Qui
1159 863 1359 953 postquem
1377 853 1485 929 venit
1501 862 1555 927 te-

162 990 353 1084 ststdsque
373 992 448 1075 est,
477 982 607 1082 quavis
625 993 736 1057 noete
753 979 840 1054 illos
858 979 897 1052 in
916 977 1050 1053 molam
1080 977 1305 1054 descendere
1325 978 1554 1076 molereque,

163 1120 202 1186 et
228 1109 320 1184 dues
346 1108 543 1200 drachmas
562 1119 759 1206 utrumque
778 1103 988 1179 mercedem
1019 1102 1209 1204 acciper03
1242 1102 1364 1179 mirati
1390 1100 1555 1202 Areopa·

160 1235 284 1334 gitae,
315 1232 484 1309 ducentis
502 1232 689 1309 drachmis
709 1257 773 1308 eos
793 1229 990 1306 donarunt.

162 1390 166 1396 '
268 1374 532 1452 Demosthenis
552 1387 674 1451 aetate
694 1373 858 1473 viguisse
880 1371 1001 1448 adhuc
1021 1371 1120 1446 hanc
1136 1372 1279 1470 legem,
1303 1380 1408 1469 patet
1425 1395 1473 1447 ex
1492 1371 1557 1446 hu·

155 1503 220 1603 jus
240 1500 396 1577 oratoris
415 1499 540 1575 uerbis
560 1503 712 1592 (contre
732 1495 956 1600 Eubulidem
973 1522 1010 1595 p.
1032 1494 1176 1587 1308):
1197 1494 1276 1567 ἔστι
1295 1496 1377 1589 περὶ
1399 1487 1555 1589 rire-oio-

162 1624 248 1725 ylcc
270 1618 399 1719 νόμος.

270 1764 473 1842 Corinthiis
494 1792 582 1841 vero
601 1767 777 1842 usitatum
798 1765 867 1838 hoc
887 1774 986 1854 erat,
1016 1762 1046 1836 si
1075 1787 1184 1863 quern
1208 1765 1384 1864 opsonari
1406 1787 1556 1864 semper

163 1891 360 1994 splendide
380 1892 569 1983 viderent,
603 1890 814 1993 explorare,
845 1912 921 1989 quo
943 1888 1049 1963 vivat
1069 1899 1106 1963 et
1125 1888 1213 1987 quid
1232 1899 1341 1987 egat,
1370 1900 1407 1964 et
1425 1889 1456 1962 si
1477 1912 1556 1964 rem

161 2018 297 2111 hebet,
327 2018 432 2093 cuius
460 2015 600 2093 reditus
628 2029 763 2119 aequat
791 2025 979 2115 sumptus,
1010 2013 1244 2114 permittere,
1275 2025 1316 2088 ut
1334 2014 1365 2088 is
1386 2013 1553 2089 suaviter

161 2142 306 2245 &natm
326 2142 423 2237 vita,
451 2141 509 2218 sin
537 2154 661 2219 autem
691 2169 804 2244 supra
831 2168 912 2218 rem
939 2140 1147 2242 impensam
1175 2141 1283 2232 facit,
1313 2139 1554 2232 interdicere,

161 2267 283 2375 nesio
302 2277 453 2369 pergat,
482 2278 520 2342 et
547 2293 624 2345 non
655 2266 891 2345 obedientem
920 2264 1100 2364 puniunt,
1128 2262 1289 2364 denique
1320 2264 1350 2339 si
1380 2263 1486 2340 nulla
1515 2291 1554 2339 re

162 2416 382 2494 utracunque
392 2391 591 2490 magnifice
604 2392 707 2485 vivit,
732 2390 896 2467 carnifici
915 2389 1069 2465 tradunt
1086 2415 1181 2464 eum.
1202 2389 1332 2489 Neque
1354 2388 1455 2464 enim
1478 2388 1554 2466 fieri

162 2526 306 2620 potest,
326 2527 367 2591 ut
385 2515 417 2591 is
435 2517 514 2591 sine
534 2518 714 2592 maleficio
734 2516 860 2616 aliquo
879 2515 1001 2607 vivat;
1029 2512 1095 2590 sed
1113 2514 1322 2591 necessario
1342 2526 1408 2591 aut
1428 2524 1551 2590 vestes

65 2693 68 2698 -
161 2641 314 2744 surripit
331 2651 465 2736 noctu,
485 2653 550 2718 aut
568 2642 731 2742 parietes
749 2640 931 2741 perfodit,
962 2638 1083 2715 antid
1102 2639 1321 2715 facientium
1341 2640 1465 2716 socius
1484 2649 1550 2731 est,

162 2778 227 2843 aut
245 2766 540 2869 sycophantatur
558 2768 597 2841 in
617 2769 710 2859 foro,
731 2765 993 2844 eutmendatia
1012 2777 1218 2842 attestatur.
1239 2762 1421 2859 (Athen
1433 2789 1551 2841 aeus

162 2870 229 2986 tu,
250 2890 360 2982 aar.)

271 3013 383 3115 Apud
402 3016 724 3094 Lacedaemonios
742 3019 805 3096 lex
818 3017 998 3119 jubebat,
1019 3028 1059 3094 ut
1077 3041 1186 3093 nemo
1207 3017 1328 3093 minus
1348 3015 1468 3092 virilis
1487 3042 1553 3118 ap-

163 3147 314 3239 pareret
341 3139 467 3214 colore
495 3150 559 3214 eut
587 3140 753 3243 corporis
782 3141 917 3218 molem
941 3141 1096 3219 haberet
1113 3167 1229 3244 supra
1247 3166 1357 3241 quam
1379 3140 1554 3219 exercitia

163 3262 295 3338 serant.
334 3263 432 3338 Nam
455 3260 525 3340 hoc
548 3263 744 3362 segnitiem
776 3266 986 3358 declarare,
1014 3264 1104 3340 illud
1124 3293 1201 3341 non
1216 3265 1411 3343 declarare
1431 3266 1551 3342 virum

163 3386 371 3477 videbatur.
410 3387 653 3490 Adscriptum
680 3418 772 3467 vero
801 3403 881 3467 erat
908 3391 1002 3490 legi,
1033 3403 1073 3468 ut
1101 3391 1211 3467 etiam
1238 3389 1384 3468 decimo
1405 3418 1552 3492 quoque

163 3494 230 3589 dle·
243 3511 384 3615 ephebi¹
398 3511 550 3589 omnino
568 3515 732 3616 Ephoris
752 3543 832 3592 sese
853 3516 1001 3618 publice
1022 3514 1241 3593 exhiberent
1260 3516 1389 3592 nudos.
1410 3516 1552 3617 Quodsi

163 3646 289 3715 essent
315 3638 413 3713 bene
442 3650 637 3739 compacto
666 3664 825 3742 corpore
853 3651 891 3717 et
919 3640 1060 3716 robusti
1085 3651 1122 3716 et
1149 3641 1254 3740 quasi
1285 3641 1422 3742 sculpti
1443 3651 1552 3740 atque

162 3761 301 3838 tornati
320 3787 389 3862 per
407 3761 599 3856 exercitia,
619 3762 889 3839 laudabantur:
919 3765 976 3839 sin
995 3764 1145 3864 aliquod
1165 3764 1210 3839 iis
1229 3765 1439 3841 membrum
1456 3776 1553 3842 esset

162 3883 360 3963 flaccidum
379 3898 442 3961 sut
461 3888 627 3982 mollius,
651 3890 923 3965 intumescente
950 3888 1221 3989 aliquantulum
1240 3899 1277 3965 et
1294 3900 1551 3968 succrescente

37 4075 39 4078 ,
162 4035 230 4111 per
258 4011 429 4087 inertiam
457 4013 706 4113 pinguedine,
744 4017 1041 4094 verberabantur
1068 4027 1106 4092 et
1133 4015 1393 4117 puniebantur.
1438 4014 1551 4109 (Ae-

164 4135 278 4211 lien.
310 4131 416 4212 Ver.
449 4137 622 4215 histor.
650 4140 754 4233 XIV,
780 4141 838 4237 7.)

165 4302 169 4310 ·
272 4257 416 4337 Aeneas
446 4257 618 4341 (lenaeus
645 4266 683 4339 in
715 4264 906 4344 Gallandii
935 4267 1171 4344 Bibliotheca
1199 4278 1365 4343 veterum
1393 4279 1552 4368 patrum.
1597 4294 1602 4303 “

163 4383 271 4463 Tem.
291 4381 337 4462 Χ.
358 4409 443 4486 pag.
465 4389 562 4464 644:
584 4380 606 4463 ὁ
628 4387 707 4463 τῶν
725 4387 1052 4487 Λακεδαιμονίων
1072 4393 1283 4486 νομοθέτης
1302 4384 1347 4466 εὖ
1367 4386 1552 4490 ἐβουλεύ-
1628 4456 1632 4464 .

165 4531 282 4594 ceso,
312 4501 402 4584 οὐδὲ
422 4521 504 4598 ταῖς
523 4518 704 4616 γυναιξὶν
722 4509 857 4617 ἀργεῖν
876 4516 1108 4618 συγχωρῶν,
1139 4512 1369 4614 ἀμφοτέρων
1386 4512 1463 4618 yolo
1481 4508 1551 4592 ὅν-

163 4659 240 4706 των
268 4637 615 4738 ἐρρωμενεστέρων,
650 4642 946 4737 ἐρρωμενέστερα
975 4638 1020 4715 τὰ
1050 4637 1258 4740 τικτόμενα
1287 4645 1393 4735 φιλεῖ
1419 4647 1552 4745 γίγνε-

164 4762 268 4831 σθαι.
300 4763 702 4854 (Lacedaemoniorum
721 4764 910 4866 legislator
929 4770 1069 4844 bonum
1089 4769 1189 4869 cepit
1207 4770 1425 4865 consilium,
1453 4768 1551 4870 quod

163 4911 233 4962 nec
252 4888 471 4965 mulieribus
498 4891 562 4964 otii
587 4890 709 4966 locum
738 4892 947 4991 reliquerit3
975 4894 1005 4968 si
1036 4893 1133 4968 enim
1159 4902 1316 4993 uterque
1336 4910 1474 4994 parens
1493 4921 1550 4970 ro·

164 5010 251 5089 bore
270 5013 388 5107 valet,
419 5015 530 5090 etiam
550 5016 777 5113 robustiores
796 5017 921 5117 proles
941 5019 1065 5096 solent
1081 5019 1221 5119 gigni.)
1283 5085 1287 5089 .
