3404 5782
496 423 546 474 nc
565 423 716 474 uurco.
738 437 772 452 ·-
792 423 841 476 nu
860 426 1073 480 secuerone.
1400 398 1477 476 389

730 613 844 690 1515.

196 760 341 853 Quibus
361 758 406 834 de
427 757 681 836 contractibus
700 758 913 860 ambigitur,
928 761 953 836 ii
968 760 1152 861 judicium
1161 761 1364 862 postulant,
1384 787 1476 861 quos

92 913 182 962 vero
207 885 354 986 utrique
382 886 677 963 contrahentium
706 889 931 964 confitentur
950 886 1051 964 etde
1077 889 1211 988 quibus
1239 884 1475 988 syngraphae

90 1012 261 1089 nauticae
282 1021 451 1107 exstant,
480 1012 688 1115 perscripta
705 1011 744 1088 in
762 1011 899 1089 tabulis
917 1023 1111 1116 praestare
1133 1022 1289 1115 oportet.

727 1173 841 1249 1516.

193 1310 454 1412 Χειρόδοτον,
485 1311 690 1416 δάνεισμα,
719 1311 765 1394 τὸ
785 1307 881 1394 ἄνευ
901 1318 1155 1415 συμβολαίου.

999 1444 1168 1540 (Pollux.
1189 1447 1237 1540 11,
1262 1445 1368 1541 152.)

727 1553 841 1629 1516.

192 1693 437 1775 Chirodotum
456 1707 513 1774 eut
530 1697 691 1798 pecunia
709 1660 851 1777 credita
869 1698 1012 1802 absque
1031 1698 1180 1776 tabuiis.

720 1858 834 1935 1517.

184 1987 327 2071 Ὁπότε
355 2025 410 2082 τις
440 1990 622 2086 ἅπαιτοίη
651 1992 841 2101 ἀργύριον
867 1989 917 2084 ὥς
946 1997 1149 2097 προσῆκον
1177 1989 1288 2098 αὐτῷ
1315 2002 1382 2075 καὶ
1417 1994 1472 2094 μή

85 2121 317 2220 λαμβάνων,
347 2118 462 2212 δίκην
480 2118 666 2225 λαγχάνει
695 2118 951 2226 ἀργυρίου
978 2122 1033 2225 τῴ
1054 2125 1196 2221 ἔχοντι.

384 2249 560 2344 (Bekker
578 2247 720 2328 Anecd.
734 2278 793 2350 gr.
816 2254 845 2329 Ι.
864 2280 902 2353 p.
921 2252 1010 2328 201.
1031 2244 1220 2353 ἀργυρίου
1240 2247 1366 2348 δίκη.)

725 2411 839 2488 1517.

191 2555 316 2651 Quum
334 2558 414 2658 quia
433 2555 568 2657 repetit
586 2555 783 2659 pecuniam
802 2568 844 2631 ut
871 2557 941 2658 sibi
966 2568 1239 2662 competentem
1259 2569 1297 2634 et
1314 2582 1390 2634 non
1409 2583 1470 2636 ac·

83 2684 191 2786 cipit,
221 2685 323 2760 litem
341 2683 591 2783 pecuniariam
610 2681 769 2758 intendit
787 2682 950 2760 habenti.

683 2947 686 2950 Ι
726 2844 839 2922 1518.

181 2983 283 3064 Ὅσα
302 3018 358 3073 τις
377 2983 601 3086 caecinnae,
626 2984 681 3085 μή
702 2983 802 3063 εἶναι
830 2984 966 3079 δίκας,
990 2985 1080 3086 μήτ’
1109 2980 1242 3072 αὐτοῖς
1267 2983 1362 3084 μήτε
1391 2994 1470 3070 τοῖς

83 3109 357 3212 κληρονόμοις·
386 3111 492 3188 τοῦτ’
511 3115 617 3187 ἐστίν
627 3169 638 3200 ,
668 3107 748 3188 οὐκ
766 3110 874 3189 ἐᾶται
893 3109 973 3187 τῶν
991 3107 1314 3208 decerpentium
1333 3112 1387 3187 ἔτι
1408 3105 1469 3182 δι’·

83 3270 158 3331 κην
178 3235 275 3314 εἶναι
295 3235 387 3336 πρὸς
406 3234 497 3324 τούς
517 3240 689 3334 ἔχοντας.

489 3366 702 3458 (Demosth.
722 3391 754 3442 c.
775 3364 954 3466 Spudiam
983 3364 1093 3458 1030,
1114 3368 1149 3439 5.
1172 3364 1285 3460 1031,
1307 3365 1362 3457 1.)

722 3524 837 3601 1518.

190 3672 295 3765 Quae
322 3670 405 3770 quis
431 3668 726 3770 oppigneravit,
764 3692 892 3744 eorum
926 3667 1010 3743 lites
1038 3692 1087 3742 ne
1115 3666 1229 3742 liceat
1256 3666 1317 3764 agi
1346 3691 1466 3767 neque

82 3799 174 3899 ipsis
202 3795 536 3898 oppignerantibus
564 3819 685 3895 neque
713 3818 842 3870 eorum
869 3791 1079 3870 heredibus.
1119 3791 1163 3868 Id
1183 3800 1259 3886 eet,
1288 3816 1364 3868 uon
1384 3816 1466 3892 per·

83 3924 238 4000 mittitur
257 3946 381 3999 rerum
400 3920 733 4025 oppigneratamm
751 3943 861 4018 agere
880 3919 918 3995 in
939 3943 1179 4023 possessorea

666 4254 883 4362 Τμῆμαγ’.

555 4407 706 4503 Περὶ
752 4401 988 4506 ἐγγύης.

675 4677 799 4756 Sectio
832 4678 867 4755 3.

530 4825 606 4899 Dc
656 4824 1008 4924 sponsione.

722 5019 832 5093 1519.

183 5157 383 5263 Ἐγγύη,
416 5152 538 5256 vineat
558 5187 661 5244 τινος
681 5154 872 5252 iraham).
1169 5160 1352 5254 (Suidas.)
