<?xml version="1.0" encoding="UTF-8"?>
<!DOCTYPE html PUBLIC "-//W3C//DTD XHTML 1.0 Transitional//EN"
    "http://www.w3.org/TR/xhtml1/DTD/xhtml1-transitional.dtd">
<html xmlns="http://www.w3.org/1999/xhtml" xml:lang="en" lang="en">
 <head>
  <title>
</title>
<meta http-equiv="Content-Type" content="text/html;charset=utf-8" />
  <meta name='ocr-system' content='tesseract 3.04.00' />
  <meta name='ocr-capabilities' content='ocr_page ocr_carea ocr_par ocr_line ocrx_word'/>
</head>
<body>
  <div class='ocr_page' id='page_1' title='image "./synaggtnattiknn00tlgoog_0481.png"; bbox 0 0 3404 5782; ppageno 0'>
   <div class='ocr_carea' id='block_1_1' title="bbox 473 376 1482 453">
    <p class='ocr_par' dir='ltr' id='par_1_1' title="bbox 473 376 1482 453">
     <span class='ocr_line' id='line_1_1' title="bbox 473 376 1482 453; baseline -0.002 -1"><span class='ocrx_word' id='word_1_1' title='bbox 473 401 783 452; x_wconf 82' lang='lat' dir='ltr'>conusnrsarus</span> <span class='ocrx_word' id='word_1_2' title='bbox 803 399 856 449; x_wconf 83' lang='grc'>20</span> <span class='ocrx_word' id='word_1_3' title='bbox 876 398 938 450; x_wconf 87' lang='grc'><strong>222.</strong></span> <span class='ocrx_word' id='word_1_4' title='bbox 960 399 1021 453; x_wconf 85' lang='grc'><strong>222.</strong></span> <span class='ocrx_word' id='word_1_5' title='bbox 1042 400 1103 452; x_wconf 86' lang='grc'><strong>222.</strong></span> <span class='ocrx_word' id='word_1_6' title='bbox 1403 376 1482 451; x_wconf 77' lang='grc'>457</span> 
     </span>
    </p>
   </div>
   <div class='ocr_carea' id='block_1_2' title="bbox 97 588 1479 948">
    <p class='ocr_par' dir='ltr' id='par_1_2' title="bbox 97 588 1479 948">
     <span class='ocr_line' id='line_1_2' title="bbox 203 588 1478 694; baseline 0.001 -27"><span class='ocrx_word' id='word_1_7' title='bbox 203 595 259 669; x_wconf 85' lang='lat' dir='ltr'>De</span> <span class='ocrx_word' id='word_1_8' title='bbox 280 592 470 694; x_wconf 86' lang='lat' dir='ltr'>apodeetis</span> <span class='ocrx_word' id='word_1_9' title='bbox 491 589 618 667; x_wconf 82' lang='lat' dir='ltr'>eadem</span> <span class='ocrx_word' id='word_1_10' title='bbox 647 588 814 681; x_wconf 81' lang='lat' dir='ltr'>tradunt,</span> <span class='ocrx_word' id='word_1_11' title='bbox 843 616 937 690; x_wconf 88' lang='lat' dir='ltr'>quae</span> <span class='ocrx_word' id='word_1_12' title='bbox 967 594 1003 665; x_wconf 93' lang='lat' dir='ltr'>in</span> <span class='ocrx_word' id='word_1_13' title='bbox 1034 590 1177 690; x_wconf 80' lang='lat' dir='ltr'>legibus</span> <span class='ocrx_word' id='word_1_14' title='bbox 1209 595 1334 693; x_wconf 82' lang='lat' dir='ltr'>posui,</span> <span class='ocrx_word' id='word_1_15' title='bbox 1365 593 1478 668; x_wconf 83' lang='lat' dir='ltr'>Scho-</span> 
     </span>
     <span class='ocr_line' id='line_1_3' title="bbox 97 716 1479 820; baseline -0.002 -26"><span class='ocrx_word' id='word_1_16' title='bbox 97 721 207 795; x_wconf 86' lang='lat' dir='ltr'>liasta</span> <span class='ocrx_word' id='word_1_17' title='bbox 224 720 264 794; x_wconf 93' lang='lat' dir='ltr'>in</span> <span class='ocrx_word' id='word_1_18' title='bbox 283 717 456 796; x_wconf 84' lang='lat' dir='ltr'>Aeschin.</span> <span class='ocrx_word' id='word_1_19' title='bbox 475 717 710 819; x_wconf 81' lang='lat' dir='ltr'>Ctesiphont.</span> <span class='ocrx_word' id='word_1_20' title='bbox 730 717 793 792; x_wconf 83' lang='lat'>25.</span> <span class='ocrx_word' id='word_1_21' title='bbox 823 716 970 818; x_wconf 80' lang='lat' dir='ltr'>Corpus</span> <span class='ocrx_word' id='word_1_22' title='bbox 990 720 1161 820; x_wconf 79' lang='lat' dir='ltr'>Inscript</span> <span class='ocrx_word' id='word_1_23' title='bbox 1180 718 1312 797; x_wconf 86' lang='lat' dir='ltr'>Graec.</span> <span class='ocrx_word' id='word_1_24' title='bbox 1332 717 1395 795; x_wconf 91' lang='lat' dir='ltr'>Nr.</span> <span class='ocrx_word' id='word_1_25' title='bbox 1417 719 1479 808; x_wconf 87' lang='grc'>84,</span> 
     </span>
     <span class='ocr_line' id='line_1_4' title="bbox 97 841 657 948; baseline -0.007 -26"><span class='ocrx_word' id='word_1_26' title='bbox 97 855 134 922; x_wconf 87' lang='grc'>22</span> <span class='ocrx_word' id='word_1_27' title='bbox 153 843 450 948; x_wconf 79' lang='lat' dir='ltr'>Etymologicum</span> <span class='ocrx_word' id='word_1_28' title='bbox 468 841 657 943; x_wconf 84' lang='lat' dir='ltr'>Magnum.</span> 
     </span>
    </p>
   </div>
   <div class='ocr_carea' id='block_1_3' title="bbox 683 997 895 1083">
    <p class='ocr_par' dir='ltr' id='par_1_3' title="bbox 683 997 895 1083">
     <span class='ocr_line' id='line_1_5' title="bbox 683 997 895 1083; baseline 0.005 -1"><span class='ocrx_word' id='word_1_29' title='bbox 683 997 759 1082; x_wconf 77' lang='lat' dir='ltr'>Ad</span> <span class='ocrx_word' id='word_1_30' title='bbox 784 1001 895 1083; x_wconf 74' lang='grc'><strong>200.</strong></span> 
     </span>
    </p>
   </div>
   <div class='ocr_carea' id='block_1_4' title="bbox 97 1164 1482 1646">
    <p class='ocr_par' dir='ltr' id='par_1_4' title="bbox 97 1164 1482 1646">
     <span class='ocr_line' id='line_1_6' title="bbox 206 1164 1480 1270; baseline -0.002 -27"><span class='ocrx_word' id='word_1_31' title='bbox 206 1167 543 1269; x_wconf 88' lang='lat' dir='ltr'>Harpocratio</span> <span class='ocrx_word' id='word_1_32' title='bbox 581 1194 609 1244; x_wconf 97' lang='grc'>2.</span> <span class='ocrx_word' id='word_1_33' title='bbox 638 1194 672 1242; x_wconf 89' lang='lat' dir='ltr'>v.</span> <span class='ocrx_word' id='word_1_34' title='bbox 709 1165 873 1261; x_wconf 75' lang='grc' dir='ltr'><em>Τααίαιι</em></span> <span class='ocrx_word' id='word_1_35' title='bbox 912 1165 1152 1265; x_wconf 80' lang='lat' dir='ltr'>Magistratus</span> <span class='ocrx_word' id='word_1_36' title='bbox 1189 1168 1338 1270; x_wconf 88' lang='lat' dir='ltr'>quidam</span> <span class='ocrx_word' id='word_1_37' title='bbox 1378 1164 1480 1267; x_wconf 86' lang='lat' dir='ltr'>apud</span> 
     </span>
     <span class='ocr_line' id='line_1_7' title="bbox 97 1290 1482 1387; baseline -0.004 -17"><span class='ocrx_word' id='word_1_38' title='bbox 97 1290 343 1370; x_wconf 78' lang='lat' dir='ltr'>Athenienses</span> <span class='ocrx_word' id='word_1_39' title='bbox 362 1305 485 1387; x_wconf 86' lang='lat' dir='ltr'>erant,</span> <span class='ocrx_word' id='word_1_40' title='bbox 514 1293 646 1370; x_wconf 87' lang='lat' dir='ltr'>decem</span> <span class='ocrx_word' id='word_1_41' title='bbox 673 1319 837 1370; x_wconf 91' lang='lat' dir='ltr'>numero.</span> <span class='ocrx_word' id='word_1_42' title='bbox 874 1291 944 1369; x_wconf 88' lang='lat' dir='ltr'>His</span> <span class='ocrx_word' id='word_1_43' title='bbox 975 1319 1100 1370; x_wconf 86' lang='lat' dir='ltr'>coram</span> <span class='ocrx_word' id='word_1_44' title='bbox 1119 1304 1248 1369; x_wconf 85' lang='lat' dir='ltr'>senatu</span> <span class='ocrx_word' id='word_1_45' title='bbox 1267 1291 1482 1368; x_wconf 80' lang='lat' dir='ltr'>tradebatur</span> 
     </span>
     <span class='ocr_line' id='line_1_8' title="bbox 97 1415 1479 1521; baseline -0.001 -30"><span class='ocrx_word' id='word_1_46' title='bbox 97 1420 335 1496; x_wconf 81' lang='lat' dir='ltr'><strong>simulacrum</strong></span> <span class='ocrx_word' id='word_1_47' title='bbox 354 1419 544 1496; x_wconf 85' lang='lat' dir='ltr'>Minervae</span> <span class='ocrx_word' id='word_1_48' title='bbox 565 1428 601 1495; x_wconf 90' lang='grc'>22</span> <span class='ocrx_word' id='word_1_49' title='bbox 621 1416 809 1494; x_wconf 81' lang='lat' dir='ltr'>Victoriae</span> <span class='ocrx_word' id='word_1_50' title='bbox 829 1429 865 1495; x_wconf 91' lang='lat' dir='ltr'>et</span> <span class='ocrx_word' id='word_1_51' title='bbox 890 1418 1053 1517; x_wconf 88' lang='lat' dir='ltr'>reliquus</span> <span class='ocrx_word' id='word_1_52' title='bbox 1083 1437 1236 1493; x_wconf 87' lang='lat' dir='ltr'>ornatus</span> <span class='ocrx_word' id='word_1_53' title='bbox 1256 1427 1293 1494; x_wconf 90' lang='lat' dir='ltr'>et</span> <span class='ocrx_word' id='word_1_54' title='bbox 1312 1415 1479 1521; x_wconf 86' lang='lat' dir='ltr'>pecunia</span> 
     </span>
     <span class='ocr_line' id='line_1_9' title="bbox 100 1542 982 1646; baseline -0.001 -26"><span class='ocrx_word' id='word_1_55' title='bbox 100 1545 216 1620; x_wconf 80' lang='lat' dir='ltr'>Erant</span> <span class='ocrx_word' id='word_1_56' title='bbox 234 1544 344 1621; x_wconf 87' lang='lat' dir='ltr'>etiam</span> <span class='ocrx_word' id='word_1_57' title='bbox 363 1542 515 1646; x_wconf 90' lang='lat' dir='ltr'>quidam</span> <span class='ocrx_word' id='word_1_58' title='bbox 534 1542 739 1621; x_wconf 85' lang='lat' dir='ltr'>triremium</span> <span class='ocrx_word' id='word_1_59' title='bbox 759 1553 982 1641; x_wconf 84' lang='lat' dir='ltr'>quaestores.</span> 
     </span>
    </p>
   </div>
   <div class='ocr_carea' id='block_1_5' title="bbox 98 1687 1479 1910">
    <p class='ocr_par' dir='ltr' id='par_1_5' title="bbox 98 1687 1479 1910">
     <span class='ocr_line' id='line_1_10' title="bbox 204 1687 1479 1789; baseline -0.002 -27"><span class='ocrx_word' id='word_1_60' title='bbox 204 1688 386 1766; x_wconf 85' lang='lat' dir='ltr'>Pollux</span> <span class='ocrx_word' id='word_1_61' title='bbox 415 1687 518 1784; x_wconf 86' lang='lat' dir='ltr'>VIII,</span> <span class='ocrx_word' id='word_1_62' title='bbox 540 1689 611 1764; x_wconf 83' lang='lat'>97:</span> <span class='ocrx_word' id='word_1_63' title='bbox 640 1689 866 1784; x_wconf 79' lang='lat' dir='ltr'>eraestores</span> <span class='ocrx_word' id='word_1_64' title='bbox 885 1690 988 1765; x_wconf 87' lang='lat' dir='ltr'>Deae</span> <span class='ocrx_word' id='word_1_65' title='bbox 1008 1689 1115 1766; x_wconf 85' lang='lat' dir='ltr'>electi</span> <span class='ocrx_word' id='word_1_66' title='bbox 1136 1700 1243 1765; x_wconf 87' lang='lat' dir='ltr'>erant</span> <span class='ocrx_word' id='word_1_67' title='bbox 1261 1714 1280 1765; x_wconf 88' lang='grc'>2</span> <span class='ocrx_word' id='word_1_68' title='bbox 1301 1697 1479 1789; x_wconf 86' lang='lat' dir='ltr'>pentaco-</span> 
     </span>
     <span class='ocr_line' id='line_1_11' title="bbox 98 1811 1001 1910; baseline 0.001 -22"><span class='ocrx_word' id='word_1_69' title='bbox 98 1811 370 1910; x_wconf 85' lang='lat' dir='ltr'>siomedimnis‚</span> <span class='ocrx_word' id='word_1_70' title='bbox 402 1824 439 1890; x_wconf 89' lang='lat' dir='ltr'>et</span> <span class='ocrx_word' id='word_1_71' title='bbox 458 1811 754 1892; x_wconf 85' lang='lat' dir='ltr'>Colacretae</span> <span class='ocrx_word' id='word_1_72' title='bbox 776 1812 1001 1892; x_wconf 80' lang='lat' dir='ltr'>dicebantur.</span> 
     </span>
    </p>
   </div>
   <div class='ocr_carea' id='block_1_6' title="bbox 96 1946 1484 2805">
    <p class='ocr_par' dir='ltr' id='par_1_6' title="bbox 96 1946 1484 2805">
     <span class='ocr_line' id='line_1_12' title="bbox 205 1946 1483 2055; baseline -0.003 -22"><span class='ocrx_word' id='word_1_73' title='bbox 205 1954 893 2053; x_wconf 74' lang='grc' dir='ltr'><strong>821201.121)22202212.Τ122022.743,</strong></span> <span class='ocrx_word' id='word_1_74' title='bbox 916 1959 959 2034; x_wconf 91' lang='lat' dir='ltr'>l:</span> <span class='ocrx_word' id='word_1_75' title='bbox 988 1954 1178 2055; x_wconf 80' lang='grc' dir='ltr'><em>Χρήματα</em></span> <span class='ocrx_word' id='word_1_76' title='bbox 1207 1959 1277 2030; x_wconf 79' lang='grc' dir='ltr'>καὶ</span> <span class='ocrx_word' id='word_1_77' title='bbox 1305 1955 1383 2032; x_wconf 78' lang='grc' dir='ltr'>τῶν</span> <span class='ocrx_word' id='word_1_78' title='bbox 1410 1946 1483 2029; x_wconf 77' lang='grc' dir='ltr'><em>δίλ-</em></span> 
     </span>
     <span class='ocr_line' id='line_1_13' title="bbox 98 2077 1482 2177; baseline -0.001 -23"><span class='ocrx_word' id='word_1_79' title='bbox 98 2085 176 2154; x_wconf 90' lang='grc' dir='ltr'>λων</span> <span class='ocrx_word' id='word_1_80' title='bbox 203 2078 315 2177; x_wconf 74' lang='grc' dir='ltr'><em>ἱερῶν</em></span> <span class='ocrx_word' id='word_1_81' title='bbox 343 2079 421 2157; x_wconf 81' lang='grc' dir='ltr'>τῶν</span> <span class='ocrx_word' id='word_1_82' title='bbox 452 2080 556 2157; x_wconf 76' lang='grc' dir='ltr'><em>θεῶν</em></span> <span class='ocrx_word' id='word_1_83' title='bbox 583 2087 650 2157; x_wconf 82' lang='grc' dir='ltr'>καί</span> <span class='ocrx_word' id='word_1_84' title='bbox 680 2080 745 2172; x_wconf 77' lang='grc' dir='ltr'>τῆς</span> <span class='ocrx_word' id='word_1_85' title='bbox 768 2077 942 2173; x_wconf 76' lang='grc' dir='ltr'><em>Ἀθηνᾶς</em></span> <span class='ocrx_word' id='word_1_86' title='bbox 971 2084 1097 2157; x_wconf 74' lang='grc' dir='ltr'><em>ἔκειτο</em></span> <span class='ocrx_word' id='word_1_87' title='bbox 1126 2084 1169 2157; x_wconf 72' lang='grc' dir='ltr'>ἔν</span> <span class='ocrx_word' id='word_1_88' title='bbox 1195 2111 1269 2157; x_wconf 86' lang='grc' dir='ltr'><em>τινι</em></span> <span class='ocrx_word' id='word_1_89' title='bbox 1299 2077 1482 2177; x_wconf 79' lang='grc' dir='ltr'><em>οἰκήματι</em></span> 
     </span>
     <span class='ocr_line' id='line_1_14' title="bbox 98 2197 1484 2306; baseline -0.001 -28"><span class='ocrx_word' id='word_1_90' title='bbox 98 2200 219 2279; x_wconf 90' lang='grc' dir='ltr'><em>όπίσω</em></span> <span class='ocrx_word' id='word_1_91' title='bbox 248 2204 312 2295; x_wconf 76' lang='grc' dir='ltr'>τῆς</span> <span class='ocrx_word' id='word_1_92' title='bbox 341 2202 606 2305; x_wconf 78' lang='grc' dir='ltr'><em>ἀκροπόλεως,</em></span> <span class='ocrx_word' id='word_1_93' title='bbox 635 2205 690 2306; x_wconf 74' lang='grc' dir='ltr'>τῷ</span> <span class='ocrx_word' id='word_1_94' title='bbox 719 2211 949 2305; x_wconf 78' lang='grc' dir='ltr'><em>καλουμένῳ</em></span> <span class='ocrx_word' id='word_1_95' title='bbox 979 2202 1256 2306; x_wconf 80' lang='grc' dir='ltr'><strong><em>ὀπισθοδόμῳ,</em></strong></span> <span class='ocrx_word' id='word_1_96' title='bbox 1286 2210 1355 2280; x_wconf 83' lang='grc' dir='ltr'>καί</span> <span class='ocrx_word' id='word_1_97' title='bbox 1386 2197 1484 2295; x_wconf 80' lang='grc' dir='ltr'><em>ἦσάν</em></span> 
     </span>
     <span class='ocr_line' id='line_1_15' title="bbox 97 2330 1481 2434; baseline 0.002 -30"><span class='ocrx_word' id='word_1_98' title='bbox 97 2360 195 2416; x_wconf 88' lang='grc' dir='ltr'><em>τινες</em></span> <span class='ocrx_word' id='word_1_99' title='bbox 213 2336 433 2434; x_wconf 75' lang='grc' dir='ltr'><em>τεταγμένοι</em></span> <span class='ocrx_word' id='word_1_100' title='bbox 453 2335 587 2430; x_wconf 83' lang='grc' dir='ltr'><em>ταμίαι</em></span> <span class='ocrx_word' id='word_1_101' title='bbox 608 2336 667 2408; x_wconf 81' lang='grc' dir='ltr'><em>ε’πί</em></span> <span class='ocrx_word' id='word_1_102' title='bbox 686 2332 732 2429; x_wconf 73' lang='grc' dir='ltr'>τῇ</span> <span class='ocrx_word' id='word_1_103' title='bbox 752 2333 910 2429; x_wconf 73' lang='grc' dir='ltr'><em>(μαλακῇ</em></span> <span class='ocrx_word' id='word_1_104' title='bbox 933 2330 1094 2408; x_wconf 84' lang='grc' dir='ltr'><em>τούτων.</em></span> <span class='ocrx_word' id='word_1_105' title='bbox 1126 2336 1334 2428; x_wconf 86' lang='lat' dir='ltr'>(Pecuniae</span> <span class='ocrx_word' id='word_1_106' title='bbox 1356 2358 1481 2409; x_wconf 83' lang='grc'><strong>222222</strong></span> 
     </span>
     <span class='ocr_line' id='line_1_16' title="bbox 96 2457 1482 2562; baseline -0.001 -28"><span class='ocrx_word' id='word_1_107' title='bbox 96 2458 248 2536; x_wconf 84' lang='lat' dir='ltr'>deorum</span> <span class='ocrx_word' id='word_1_108' title='bbox 269 2470 305 2535; x_wconf 90' lang='lat' dir='ltr'>et</span> <span class='ocrx_word' id='word_1_109' title='bbox 323 2459 511 2536; x_wconf 87' lang='lat' dir='ltr'>Minervae</span> <span class='ocrx_word' id='word_1_110' title='bbox 534 2459 715 2562; x_wconf 87' lang='lat' dir='ltr'>jacebant</span> <span class='ocrx_word' id='word_1_111' title='bbox 742 2459 780 2534; x_wconf 92' lang='lat' dir='ltr'>in</span> <span class='ocrx_word' id='word_1_112' title='bbox 809 2459 969 2560; x_wconf 90' lang='lat' dir='ltr'>quodam</span> <span class='ocrx_word' id='word_1_113' title='bbox 999 2460 1167 2536; x_wconf 88' lang='lat' dir='ltr'>aedificio</span> <span class='ocrx_word' id='word_1_114' title='bbox 1187 2486 1210 2537; x_wconf 93' lang='lat' dir='ltr'>a</span> <span class='ocrx_word' id='word_1_115' title='bbox 1229 2471 1336 2557; x_wconf 83' lang='lat' dir='ltr'>tergo</span> <span class='ocrx_word' id='word_1_116' title='bbox 1366 2457 1482 2547; x_wconf 85' lang='lat' dir='ltr'>arcis,</span> 
     </span>
     <span class='ocr_line' id='line_1_17' title="bbox 97 2583 1481 2687; baseline 0 -27"><span class='ocrx_word' id='word_1_117' title='bbox 97 2584 195 2684; x_wconf 88' lang='lat' dir='ltr'>quod</span> <span class='ocrx_word' id='word_1_118' title='bbox 216 2583 420 2662; x_wconf 89' lang='lat' dir='ltr'>vocabatur</span> <span class='ocrx_word' id='word_1_119' title='bbox 438 2583 751 2687; x_wconf 84' lang='lat' dir='ltr'>Opistlrodomus,</span> <span class='ocrx_word' id='word_1_120' title='bbox 782 2596 960 2687; x_wconf 85' lang='lat' dir='ltr'>erantque</span> <span class='ocrx_word' id='word_1_121' title='bbox 991 2583 1141 2687; x_wconf 86' lang='lat' dir='ltr'>quidam</span> <span class='ocrx_word' id='word_1_122' title='bbox 1161 2584 1351 2663; x_wconf 89' lang='lat' dir='ltr'>constituti</span> <span class='ocrx_word' id='word_1_123' title='bbox 1371 2607 1481 2684; x_wconf 89' lang='lat' dir='ltr'>quae·</span> 
     </span>
     <span class='ocr_line' id='line_1_18' title="bbox 98 2710 682 2805; baseline 0.005 -20"><span class='ocrx_word' id='word_1_124' title='bbox 98 2721 216 2787; x_wconf 89' lang='lat' dir='ltr'>stores</span> <span class='ocrx_word' id='word_1_125' title='bbox 236 2710 281 2787; x_wconf 86' lang='lat' dir='ltr'>ad</span> <span class='ocrx_word' id='word_1_126' title='bbox 300 2712 367 2789; x_wconf 88' lang='lat' dir='ltr'>has</span> <span class='ocrx_word' id='word_1_127' title='bbox 387 2711 682 2805; x_wconf 88' lang='lat' dir='ltr'>custodiendas.)</span> 
     </span>
    </p>
   </div>
   <div class='ocr_carea' id='block_1_7' title="bbox 684 2922 898 3006">
    <p class='ocr_par' dir='ltr' id='par_1_7' title="bbox 684 2922 898 3006">
     <span class='ocr_line' id='line_1_19' title="bbox 684 2922 898 3006; baseline 0 0"><span class='ocrx_word' id='word_1_128' title='bbox 684 2922 759 3006; x_wconf 77' lang='lat' dir='ltr'>Ad</span> <span class='ocrx_word' id='word_1_129' title='bbox 783 2924 898 3006; x_wconf 74' lang='grc'><strong>200.</strong></span> 
     </span>
    </p>
   </div>
   <div class='ocr_carea' id='block_1_8' title="bbox 100 3083 1484 3315">
    <p class='ocr_par' dir='ltr' id='par_1_8' title="bbox 100 3083 1484 3315">
     <span class='ocr_line' id='line_1_20' title="bbox 207 3083 1484 3192; baseline -0.005 -28"><span class='ocrx_word' id='word_1_130' title='bbox 207 3091 338 3190; x_wconf 84' lang='lat' dir='ltr'>Lysias</span> <span class='ocrx_word' id='word_1_131' title='bbox 358 3117 426 3192; x_wconf 86' lang='lat' dir='ltr'>pro</span> <span class='ocrx_word' id='word_1_132' title='bbox 447 3091 563 3166; x_wconf 91' lang='lat' dir='ltr'>milite</span> <span class='ocrx_word' id='word_1_133' title='bbox 584 3091 628 3165; x_wconf 88' lang='lat'>7:</span> <span class='ocrx_word' id='word_1_134' title='bbox 657 3089 693 3160; x_wconf 85' lang='grc' dir='ltr'>οί</span> <span class='ocrx_word' id='word_1_135' title='bbox 722 3091 858 3185; x_wconf 79' lang='grc' dir='ltr'><em>ταμίαι</em></span> <span class='ocrx_word' id='word_1_136' title='bbox 887 3083 1220 3184; x_wconf 75' lang='grc' dir='ltr'><em>ἀνακαλεσάμενοι</em></span> <span class='ocrx_word' id='word_1_137' title='bbox 1251 3083 1341 3173; x_wconf 80' lang='grc' dir='ltr'>τούς</span> <span class='ocrx_word' id='word_1_138' title='bbox 1362 3112 1484 3183; x_wconf 92' lang='grc' dir='ltr'><em>παρα-</em></span> 
     </span>
     <span class='ocr_line' id='line_1_21' title="bbox 100 3207 1484 3315; baseline 0.002 -34"><span class='ocrx_word' id='word_1_139' title='bbox 100 3208 235 3298; x_wconf 92' lang='grc' dir='ltr'><em>δόντας</em></span> <span class='ocrx_word' id='word_1_140' title='bbox 253 3208 325 3301; x_wconf 72' lang='grc' dir='ltr'>τόν</span> <span class='ocrx_word' id='word_1_141' title='bbox 344 3209 511 3315; x_wconf 74' lang='grc' dir='ltr'><em>γραφήν,</em></span> <span class='ocrx_word' id='word_1_142' title='bbox 532 3210 774 3287; x_wconf 80' lang='grc' dir='ltr'><em>ἐσκοπούντο</em></span> <span class='ocrx_word' id='word_1_143' title='bbox 795 3211 857 3302; x_wconf 72' lang='grc' dir='ltr'>τῆς</span> <span class='ocrx_word' id='word_1_144' title='bbox 877 3215 1001 3297; x_wconf 78' lang='grc' dir='ltr'><em>αἰτίας</em></span> <span class='ocrx_word' id='word_1_145' title='bbox 1021 3207 1091 3300; x_wconf 74' lang='grc' dir='ltr'>τὴν</span> <span class='ocrx_word' id='word_1_146' title='bbox 1111 3209 1315 3307; x_wconf 71' lang='grc' dir='ltr'><em>πρόφασιν.</em></span> <span class='ocrx_word' id='word_1_147' title='bbox 1333 3208 1484 3286; x_wconf 83' lang='grc' dir='ltr'><em>Ἀκού-</em></span> 
     </span>
    </p>
   </div>
   <div class='ocr_carea' id='block_1_9' title="bbox 99 3329 1485 3813">
    <p class='ocr_par' dir='ltr' id='par_1_9' title="bbox 99 3329 1485 3813">
     <span class='ocr_line' id='line_1_22' title="bbox 99 3329 1484 3440; baseline 0.005 -31"><span class='ocrx_word' id='word_1_148' title='bbox 99 3362 230 3421; x_wconf 81' lang='grc' dir='ltr'><em>σαντες</em></span> <span class='ocrx_word' id='word_1_149' title='bbox 249 3333 344 3410; x_wconf 79' lang='grc' dir='ltr'>δίτὸ</span> <span class='ocrx_word' id='word_1_150' title='bbox 363 3342 617 3440; x_wconf 75' lang='grc' dir='ltr'><em>γεγενημένον</em></span> <span class='ocrx_word' id='word_1_151' title='bbox 639 3397 644 3409; x_wconf 95' lang='grc'><strong>.</strong></span> <span class='ocrx_word' id='word_1_152' title='bbox 668 3395 675 3408; x_wconf 93' lang='grc'><strong>.</strong></span> <span class='ocrx_word' id='word_1_153' title='bbox 697 3398 705 3413; x_wconf 95' lang='grc'><strong>.</strong></span> <span class='ocrx_word' id='word_1_154' title='bbox 727 3329 878 3433; x_wconf 83' lang='grc' dir='ltr'><em>όίκυρον</em></span> <span class='ocrx_word' id='word_1_155' title='bbox 897 3332 967 3425; x_wconf 75' lang='grc' dir='ltr'>τὴν</span> <span class='ocrx_word' id='word_1_156' title='bbox 988 3339 1126 3432; x_wconf 81' lang='grc' dir='ltr'><em>ζημίαν</em></span> <span class='ocrx_word' id='word_1_157' title='bbox 1146 3337 1316 3435; x_wconf 73' lang='grc' dir='ltr'><em>ἔκριναν.</em></span> <span class='ocrx_word' id='word_1_158' title='bbox 1341 3338 1484 3433; x_wconf 85' lang='lat' dir='ltr'>(Quae-</span> 
     </span>
     <span class='ocr_line' id='line_1_23' title="bbox 99 3461 1485 3562; baseline 0.002 -27"><span class='ocrx_word' id='word_1_159' title='bbox 99 3474 214 3539; x_wconf 86' lang='lat' dir='ltr'>storos</span> <span class='ocrx_word' id='word_1_160' title='bbox 234 3464 277 3538; x_wconf 92' lang='lat' dir='ltr'>iis</span> <span class='ocrx_word' id='word_1_161' title='bbox 297 3462 487 3540; x_wconf 88' lang='lat' dir='ltr'>advocatis</span> <span class='ocrx_word' id='word_1_162' title='bbox 507 3465 569 3562; x_wconf 88' lang='lat' dir='ltr'>qui</span> <span class='ocrx_word' id='word_1_163' title='bbox 590 3462 821 3538; x_wconf 88' lang='lat' dir='ltr'>tradiderunt</span> <span class='ocrx_word' id='word_1_164' title='bbox 840 3461 1037 3555; x_wconf 86' lang='lat' dir='ltr'>tabellam,</span> <span class='ocrx_word' id='word_1_165' title='bbox 1059 3463 1304 3540; x_wconf 80' lang='lat' dir='ltr'>accusationis</span> <span class='ocrx_word' id='word_1_166' title='bbox 1323 3464 1485 3539; x_wconf 89' lang='lat' dir='ltr'>occasio·</span> 
     </span>
     <span class='ocr_line' id='line_1_24' title="bbox 100 3585 1484 3689; baseline 0.002 -28"><span class='ocrx_word' id='word_1_167' title='bbox 100 3614 186 3665; x_wconf 90' lang='lat' dir='ltr'>nem</span> <span class='ocrx_word' id='word_1_168' title='bbox 214 3587 508 3689; x_wconf 87' lang='lat' dir='ltr'>perpendebant.</span> <span class='ocrx_word' id='word_1_169' title='bbox 547 3587 601 3663; x_wconf 88' lang='lat' dir='ltr'>Re</span> <span class='ocrx_word' id='word_1_170' title='bbox 628 3597 754 3663; x_wconf 88' lang='lat' dir='ltr'>autem</span> <span class='ocrx_word' id='word_1_171' title='bbox 783 3585 974 3663; x_wconf 85' lang='lat' dir='ltr'>audita..</span> <span class='ocrx_word' id='word_1_172' title='bbox 1002 3589 1208 3664; x_wconf 79' lang='grc'><strong>,2222122222</strong></span> <span class='ocrx_word' id='word_1_173' title='bbox 1236 3587 1375 3664; x_wconf 90' lang='lat' dir='ltr'>irritam</span> <span class='ocrx_word' id='word_1_174' title='bbox 1403 3612 1484 3664; x_wconf 89' lang='lat' dir='ltr'>esse</span> 
     </span>
     <span class='ocr_line' id='line_1_25' title="bbox 102 3713 426 3813; baseline 0 -25"><span class='ocrx_word' id='word_1_175' title='bbox 102 3713 426 3813; x_wconf 85' lang='lat' dir='ltr'>pronunciurunt.)</span> 
     </span>
    </p>
   </div>
   <div class='ocr_carea' id='block_1_10' title="bbox 688 3815 899 3898">
    <p class='ocr_par' dir='ltr' id='par_1_10' title="bbox 688 3815 899 3898">
     <span class='ocr_line' id='line_1_26' title="bbox 688 3815 899 3898; baseline -0.009 0"><span class='ocrx_word' id='word_1_176' title='bbox 688 3815 763 3898; x_wconf 77' lang='lat' dir='ltr'>Ad</span> <span class='ocrx_word' id='word_1_177' title='bbox 783 3816 899 3897; x_wconf 77' lang='lat'><em>200.</em></span> 
     </span>
    </p>
   </div>
   <div class='ocr_carea' id='block_1_11' title="bbox 99 3977 1486 4588">
    <p class='ocr_par' dir='ltr' id='par_1_11' title="bbox 99 3977 1486 4588">
     <span class='ocr_line' id='line_1_27' title="bbox 207 3977 1485 4079; baseline -0.002 -22"><span class='ocrx_word' id='word_1_178' title='bbox 207 3982 431 4059; x_wconf 86' lang='lat' dir='ltr'>Huiusmodi</span> <span class='ocrx_word' id='word_1_179' title='bbox 451 3984 522 4060; x_wconf 85' lang='lat' dir='ltr'>fuit</span> <span class='ocrx_word' id='word_1_180' title='bbox 541 3983 741 4062; x_wconf 83' lang='lat' dir='ltr'>Aristides:</span> <span class='ocrx_word' id='word_1_181' title='bbox 770 3979 850 4056; x_wconf 81' lang='grc' dir='ltr'>τῶν</span> <span class='ocrx_word' id='word_1_182' title='bbox 879 3978 1073 4078; x_wconf 83' lang='grc' dir='ltr'><em>δημοσίων</em></span> <span class='ocrx_word' id='word_1_183' title='bbox 1100 3977 1301 4077; x_wconf 80' lang='grc' dir='ltr'><em>προσόδων</em></span> <span class='ocrx_word' id='word_1_184' title='bbox 1319 3981 1485 4079; x_wconf 76' lang='grc' dir='ltr'><em>αίρεθείς</em></span> 
     </span>
     <span class='ocr_line' id='line_1_28' title="bbox 99 4104 1484 4213; baseline 0.001 -29"><span class='ocrx_word' id='word_1_185' title='bbox 99 4104 329 4203; x_wconf 75' lang='grc' dir='ltr'><em>ἐπιμελητής.</em></span> <span class='ocrx_word' id='word_1_186' title='bbox 359 4109 401 4186; x_wconf 95' lang='lat' dir='ltr'>ld</span> <span class='ocrx_word' id='word_1_187' title='bbox 421 4121 496 4186; x_wconf 88' lang='lat' dir='ltr'>ost:</span> <span class='ocrx_word' id='word_1_188' title='bbox 525 4109 762 4213; x_wconf 91' lang='lat' dir='ltr'>publicorum</span> <span class='ocrx_word' id='word_1_189' title='bbox 790 4109 975 4186; x_wconf 90' lang='lat' dir='ltr'>redituum</span> <span class='ocrx_word' id='word_1_190' title='bbox 1006 4121 1225 4209; x_wconf 85' lang='lat' dir='ltr'>procurator</span> <span class='ocrx_word' id='word_1_191' title='bbox 1251 4110 1484 4187; x_wconf 87' lang='lat' dir='ltr'>constitutus.</span> 
     </span>
     <span class='ocr_line' id='line_1_29' title="bbox 101 4234 1484 4336; baseline 0.002 -25"><span class='ocrx_word' id='word_1_192' title='bbox 101 4236 309 4330; x_wconf 91' lang='lat' dir='ltr'>(Plutarch.</span> <span class='ocrx_word' id='word_1_193' title='bbox 331 4234 479 4313; x_wconf 82' lang='lat' dir='ltr'>Aristid.</span> <span class='ocrx_word' id='word_1_194' title='bbox 500 4238 557 4329; x_wconf 87' lang='grc'>4.)</span> <span class='ocrx_word' id='word_1_195' title='bbox 594 4238 687 4313; x_wconf 88' lang='lat' dir='ltr'>Item</span> <span class='ocrx_word' id='word_1_196' title='bbox 706 4234 924 4336; x_wconf 83' lang='lat' dir='ltr'>Lycurgus,</span> <span class='ocrx_word' id='word_1_197' title='bbox 955 4234 1001 4310; x_wconf 89' lang='lat' dir='ltr'>de</span> <span class='ocrx_word' id='word_1_198' title='bbox 1021 4262 1094 4335; x_wconf 91' lang='lat' dir='ltr'>quo</span> <span class='ocrx_word' id='word_1_199' title='bbox 1114 4235 1336 4312; x_wconf 90' lang='lat' dir='ltr'>Plutarchus</span> <span class='ocrx_word' id='word_1_200' title='bbox 1354 4235 1393 4311; x_wconf 93' lang='lat' dir='ltr'>in</span> <span class='ocrx_word' id='word_1_201' title='bbox 1412 4247 1484 4314; x_wconf 88' lang='lat' dir='ltr'>ter·</span> 
     </span>
     <span class='ocr_line' id='line_1_30' title="bbox 99 4355 1486 4463; baseline 0 -28"><span class='ocrx_word' id='word_1_202' title='bbox 99 4362 150 4437; x_wconf 92' lang='lat' dir='ltr'>tio</span> <span class='ocrx_word' id='word_1_203' title='bbox 170 4362 320 4438; x_wconf 82' lang='grc'><strong>(1222220</strong></span> <span class='ocrx_word' id='word_1_204' title='bbox 341 4373 426 4463; x_wconf 90' lang='lat' dir='ltr'>post</span> <span class='ocrx_word' id='word_1_205' title='bbox 448 4362 497 4434; x_wconf 88' lang='grc'>10</span> <span class='ocrx_word' id='word_1_206' title='bbox 516 4373 704 4438; x_wconf 90' lang='lat' dir='ltr'>oratorum</span> <span class='ocrx_word' id='word_1_207' title='bbox 724 4363 840 4438; x_wconf 86' lang='lat' dir='ltr'>vitas:</span> <span class='ocrx_word' id='word_1_208' title='bbox 868 4355 1073 4463; x_wconf 80' lang='grc' dir='ltr'><em>γενόμενος</em></span> <span class='ocrx_word' id='word_1_209' title='bbox 1102 4357 1165 4449; x_wconf 75' lang='grc' dir='ltr'>τῆς</span> <span class='ocrx_word' id='word_1_210' title='bbox 1188 4357 1323 4450; x_wconf 77' lang='grc' dir='ltr'><em>κοινῆς</em></span> <span class='ocrx_word' id='word_1_211' title='bbox 1343 4355 1486 4456; x_wconf 84' lang='grc' dir='ltr'><em>προσό-</em></span> 
     </span>
     <span class='ocr_line' id='line_1_31' title="bbox 102 4481 1394 4588; baseline 0.004 -30"><span class='ocrx_word' id='word_1_212' title='bbox 102 4485 172 4560; x_wconf 90' lang='grc' dir='ltr'>δου</span> <span class='ocrx_word' id='word_1_213' title='bbox 191 4486 328 4582; x_wconf 85' lang='grc' dir='ltr'><em>ταμίας</em></span> <span class='ocrx_word' id='word_1_214' title='bbox 347 4481 391 4578; x_wconf 76' lang='grc' dir='ltr'>τῇ</span> <span class='ocrx_word' id='word_1_215' title='bbox 414 4481 529 4561; x_wconf 78' lang='grc' dir='ltr'><em>πόλει.</em></span> <span class='ocrx_word' id='word_1_216' title='bbox 559 4485 820 4579; x_wconf 86' lang='lat' dir='ltr'>(Publicorum</span> <span class='ocrx_word' id='word_1_217' title='bbox 840 4486 1027 4564; x_wconf 89' lang='lat' dir='ltr'>redituum</span> <span class='ocrx_word' id='word_1_218' title='bbox 1047 4497 1221 4588; x_wconf 88' lang='lat' dir='ltr'>quaestor</span> <span class='ocrx_word' id='word_1_219' title='bbox 1240 4487 1394 4579; x_wconf 86' lang='lat' dir='ltr'>factus.)</span> 
     </span>
    </p>
   </div>
   <div class='ocr_carea' id='block_1_12' title="bbox 100 4629 1497 5238">
    <p class='ocr_par' dir='ltr' id='par_1_12' title="bbox 100 4629 1497 5112">
     <span class='ocr_line' id='line_1_32' title="bbox 208 4629 1485 4737; baseline 0.001 -31"><span class='ocrx_word' id='word_1_220' title='bbox 208 4630 410 4708; x_wconf 85' lang='lat' dir='ltr'>Aeschines</span> <span class='ocrx_word' id='word_1_221' title='bbox 422 4633 511 4710; x_wconf 91' lang='lat' dir='ltr'>dicit</span> <span class='ocrx_word' id='word_1_222' title='bbox 522 4633 567 4710; x_wconf 89' lang='lat' dir='ltr'>dc</span> <span class='ocrx_word' id='word_1_223' title='bbox 580 4630 776 4735; x_wconf 84' lang='lat' dir='ltr'>Aphobeto</span> <span class='ocrx_word' id='word_1_224' title='bbox 796 4634 941 4728; x_wconf 84' lang='lat' dir='ltr'>(Male</span> <span class='ocrx_word' id='word_1_225' title='bbox 960 4645 1104 4732; x_wconf 85' lang='lat' dir='ltr'>gesta</span> <span class='ocrx_word' id='word_1_226' title='bbox 1121 4634 1310 4737; x_wconf 79' lang='lat' dir='ltr'>legatio</span> <span class='ocrx_word' id='word_1_227' title='bbox 1331 4629 1364 4737; x_wconf 63' lang='grc' dir='ltr'>ξ.</span> <span class='ocrx_word' id='word_1_228' title='bbox 1382 4634 1485 4728; x_wconf 82' lang='grc'><strong>149);</strong></span> 
     </span>
     <span class='ocr_line' id='line_1_33' title="bbox 100 4748 1486 4856; baseline 0.002 -26"><span class='ocrx_word' id='word_1_229' title='bbox 100 4753 227 4841; x_wconf 78' lang='grc' dir='ltr'><em>καλῶς</em></span> <span class='ocrx_word' id='word_1_230' title='bbox 246 4760 314 4829; x_wconf 82' lang='grc' dir='ltr'>καί</span> <span class='ocrx_word' id='word_1_231' title='bbox 335 4757 492 4842; x_wconf 77' lang='grc' dir='ltr'><em>δικαίως</em></span> <span class='ocrx_word' id='word_1_232' title='bbox 514 4753 589 4830; x_wconf 79' lang='grc' dir='ltr'>των</span> <span class='ocrx_word' id='word_1_233' title='bbox 619 4748 811 4852; x_wconf 72' lang='grc' dir='ltr'><em>ὑμετέρων</em></span> <span class='ocrx_word' id='word_1_234' title='bbox 839 4752 1041 4854; x_wconf 79' lang='grc' dir='ltr'><em>προσόδων</em></span> <span class='ocrx_word' id='word_1_235' title='bbox 1065 4760 1305 4856; x_wconf 71' lang='grc' dir='ltr'><em>ἐπιμεληθείς</em></span> <span class='ocrx_word' id='word_1_236' title='bbox 1329 4749 1392 4833; x_wconf 79' lang='grc' dir='ltr'>ὅτε</span> <span class='ocrx_word' id='word_1_237' title='bbox 1411 4751 1486 4833; x_wconf 80' lang='grc' dir='ltr'>αὖ·</span> 
     </span>
     <span class='ocr_line' id='line_1_34' title="bbox 100 4878 1497 4986; baseline 0.002 -30"><span class='ocrx_word' id='word_1_238' title='bbox 100 4879 171 4956; x_wconf 89' lang='grc' dir='ltr'>τόν</span> <span class='ocrx_word' id='word_1_239' title='bbox 190 4886 249 4955; x_wconf 75' lang='grc' dir='ltr'>ἐπὶ</span> <span class='ocrx_word' id='word_1_240' title='bbox 269 4878 341 4968; x_wconf 71' lang='grc' dir='ltr'>τόν</span> <span class='ocrx_word' id='word_1_241' title='bbox 367 4879 507 4971; x_wconf 71' lang='grc' dir='ltr'><em>κοινήν</em></span> <span class='ocrx_word' id='word_1_242' title='bbox 535 4885 728 4972; x_wconf 78' lang='grc' dir='ltr'><em>διοίκησιν</em></span> <span class='ocrx_word' id='word_1_243' title='bbox 756 4887 917 4961; x_wconf 75' lang='grc' dir='ltr'>εἵλεσθε.</span> <span class='ocrx_word' id='word_1_244' title='bbox 956 4884 1133 4981; x_wconf 74' lang='lat' dir='ltr'>(Vestras</span> <span class='ocrx_word' id='word_1_245' title='bbox 1149 4882 1294 4965; x_wconf 62' lang='lat' dir='ltr'>ruditu!</span> <span class='ocrx_word' id='word_1_246' title='bbox 1309 4894 1412 4963; x_wconf 81' lang='lat' dir='ltr'>recte</span> <span class='ocrx_word' id='word_1_247' title='bbox 1425 4885 1497 4986; x_wconf 91' lang='lat' dir='ltr'>ju-</span> 
     </span>
     <span class='ocr_line' id='line_1_35' title="bbox 102 5008 1487 5112; baseline 0.004 -29"><span class='ocrx_word' id='word_1_248' title='bbox 102 5022 230 5108; x_wconf 86' lang='lat' dir='ltr'>steque</span> <span class='ocrx_word' id='word_1_249' title='bbox 251 5011 402 5101; x_wconf 82' lang='lat' dir='ltr'>curavit,</span> <span class='ocrx_word' id='word_1_250' title='bbox 421 5037 534 5109; x_wconf 90' lang='lat' dir='ltr'>quum</span> <span class='ocrx_word' id='word_1_251' title='bbox 554 5037 638 5087; x_wconf 91' lang='lat' dir='ltr'>eum</span> <span class='ocrx_word' id='word_1_252' title='bbox 658 5010 831 5112; x_wconf 86' lang='lat' dir='ltr'>publicae</span> <span class='ocrx_word' id='word_1_253' title='bbox 849 5008 964 5091; x_wconf 70' lang='lat' dir='ltr'>admit</span> <span class='ocrx_word' id='word_1_254' title='bbox 1400 5008 1487 5103; x_wconf 70' lang='lat' dir='ltr'>eis)</span> 
     </span>
    </p>

    <p class='ocr_par' dir='ltr' id='par_1_13' title="bbox 209 5134 884 5238">
     <span class='ocr_line' id='line_1_36' title="bbox 209 5134 884 5238; baseline 0.009 -28"><span class='ocrx_word' id='word_1_255' title='bbox 209 5135 266 5210; x_wconf 77' lang='lat' dir='ltr'>Of.</span> <span class='ocrx_word' id='word_1_256' title='bbox 287 5134 518 5211; x_wconf 86' lang='lat' dir='ltr'>Boeckhium</span> <span class='ocrx_word' id='word_1_257' title='bbox 538 5137 575 5211; x_wconf 90' lang='lat' dir='ltr'>in</span> <span class='ocrx_word' id='word_1_258' title='bbox 595 5134 736 5214; x_wconf 89' lang='lat' dir='ltr'>Oecon.</span> <span class='ocrx_word' id='word_1_259' title='bbox 753 5136 884 5238; x_wconf 59' lang='lat' dir='ltr'>publia</span> 
     </span>
    </p>
   </div>
   <div class='ocr_carea' id='block_1_13' title="bbox 0 0 1709 5782">
    <p class='ocr_par' dir='ltr' id='par_1_14' title="bbox 0 0 1709 5782">
     <span class='ocr_line' id='line_1_37' title="bbox 0 0 1709 5782; baseline 0 0"><span class='ocrx_word' id='word_1_260' title='bbox 0 0 1709 5782; x_wconf 95' lang='lat' dir='ltr'> </span> 
     </span>
    </p>
   </div>
  </div>
 </body>
</html>
