3436 5790
555 384 605 434 ns
625 383 821 437 vnrrlons
841 384 889 435 ar
906 384 1151 435 vnnmrronn.
1470 357 1547 432 385

160 568 242 677 ἀγει
261 576 321 648 ἐπὶ
342 569 414 647 τὸν
433 571 622 670 πρατῆρα·
644 568 716 647 τὸν
728 569 765 646 δι’
782 568 963 669 προσήκει
973 571 1179 671 βεβαιοῦν,
1201 565 1283 668 ἢμῆ
1294 569 1547 669 βεβαιοῦντα,

159 691 456 775 ἀπεάθανονί
421 727 517 773 εναι
548 696 612 787 τῆς
644 693 979 795 βεβαιώσεως·
1019 700 1055 771 εἰ
1082 688 1169 773 δὲ
1150 728 1172 771 ο
1202 691 1362 799 ἀνάγων
1388 701 1448 772 ε’·πί
1476 692 1549 772 τάν

160 821 327 970 πρατῆρα
349 811 527 913 ἧττᾶται,
556 821 600 898 τὸ
616 826 692 920 μέν
711 852 734 895 α
722 818 1005 970 ’μιριοβητηθέν
1024 821 1095 897 τοῦ
1125 819 1387 922 κρατήσαντος
1416 824 1548 926 γίγνε-

118 1042 121 1047 A
160 977 241 1040 ται,
271 941 294 1026 ἀ
327 947 364 1027 δὲ
395 941 572 1041 ἡττηθεὶς
600 945 671 1040 τήν
696 945 812 1049 τιμάν
839 943 939 1046 παρά
967 947 1042 1024 τοῦ
1074 932 1436 1044 ουκοφαντίσαντάς
1474 977 1547 1023 κο-

157 1078 322 1175 μίζθται
1046 1079 1211 1174 (Pollux.
1232 1077 1337 1175 VIII,
1357 1076 1440 1171 34.)

795 1203 909 1280 1497.

268 1344 340 1440 Qui
359 1346 512 1424 domum
530 1359 594 1425 aut
614 1372 744 1446 agrum
764 1348 871 1441 emit,
899 1373 1011 1448 quum
1040 1346 1135 1423 alter
1153 1348 1236 1449 quis
1255 1347 1548 1424 controversiam

160 1482 305 1568 movet,
336 1473 567 1551 venditorem
596 1475 636 1550 in
661 1474 722 1574 jus
751 1482 882 1570 vocpt3
910 1473 1008 1548 hunc
1035 1498 1125 1548 vero
1155 1483 1304 1574 oportet
1328 1473 1547 1549 evictionem

162 1609 374 1700 praestare,
403 1625 478 1676 non
507 1609 759 1702 praestantem
788 1610 934 1694 autem,
963 1623 1068 1674 reum
1088 1596 1334 1700 praestandae
1354 1597 1547 1674 evictionis

159 1724 408 1827 pronunciari.
447 1722 523 1801 Sed
550 1725 582 1801 si
606 1724 659 1819 is,
689 1725 752 1826 qui
772 1722 1006 1801 venditorem
1024 1723 1139 1826 injus
1159 1737 1289 1820 vocat,
1319 1750 1434 1801 causa
1451 1722 1544 1799 ceci·

160 1848 274 1945 derit,
304 1877 363 1925 res
382 1860 622 1927 controversa
641 1849 772 1927 victori
791 1848 942 1950 quidem
961 1847 1080 1944 cedit,
1101 1849 1220 1925 victus
1240 1861 1366 1928 tamen
1385 1848 1547 1927 solutum

160 1977 319 2076 pretium
337 1975 385 2052 ab
411 2002 477 2072 eo,
507 1977 570 2077 qui
599 1974 822 2077 decipiendo
851 1973 1069 2054 vendiderat
1097 2001 1177 2052 rem
1204 1976 1385 2073 alienam,
1415 1977 1546 2056 aufert.

799 2156 914 2232 1498.

195 2288 201 2303 ’
267 2302 343 2373 Καὶ
364 2293 586 2397 ἀρραβῶνας
600 2293 731 2394 μόνου
750 2293 956 2385 δοθέντος,
986 2293 1067 2371 εἶτα
1096 2291 1457 2395 ἀμφισβητήσαντος
1474 2298 1548 2373 τοῦ

161 2421 409 2522 πεπρακάτος,
430 2419 615 2526 λαγχάνει
635 2416 707 2511 τήν
725 2420 789 2515 τῆς
816 2419 1136 2521 βεβαιώσεως
1164 2420 1315 2512 δίκην
1341 2415 1362 2498 ἀ
1384 2419 1455 2498 τάν
1475 2420 1546 2521 ἀρ-

159 2548 316 2649 ραβῶνα
338 2545 431 2635 dode
449 2545 504 2649 τῷ
524 2544 698 2658 λαβόντι.
861 2549 1147 2654 (Harpocratioz
1165 2544 1438 2647 (delicatiores.)

799 2711 912 2787 1498.

268 2857 389 2934 Etiam
418 2855 497 2932 sola
525 2856 634 2932 arrha
663 2853 768 2952 data,
798 2856 828 2931 si
858 2853 1030 2933 venditor
1057 2857 1348 2934 controversiam
1366 2871 1545 2955 moveret,

161 2982 353 3060 evictionis
383 2983 479 3068 actio
499 2982 608 3058 datur
627 2983 661 3058 ei
680 2983 743 3083 qui
762 2982 910 3060 arrham
929 2981 1031 3058 dedit
1049 2993 1179 3058 contra
1199 3008 1282 3060 eum
1309 2987 1372 3086 qui
1391 2986 1545 3087 aceepit.

792 3146 905 3220 1490.

270 3285 350 3361 Τοῦ
371 3290 584 3390 πραθέντος
603 3287 780 3375 οἰκέτου,
810 3286 849 3360 εἴ
863 3316 899 3361 τι
924 3288 1002 3383 ἔχει
1028 3282 1196 3385 νόσημα,
1225 3289 1262 3361 εἰ
1282 3281 1337 3385 μή
1367 3292 1542 3386 προείποι

160 3402 359 3501 ἀπωλῶν,
389 3410 443 3509 τῷ
472 3407 702 3510 ὠνησαμένων
732 3413 849 3502 ἔξεστι
880 3409 1152 3512 διακρίνεσθαι
1182 3408 1274 3512 πρὸς
1303 3409 1374 3488 τάν
1400 3444 1544 3514 πεπρα-

160 3534 279 3628 κάτα,
309 3534 491 3635 πρότερον
510 3532 825 3642 ἀπογραψαμένων
846 3533 937 3636 πρὸς
956 3533 1023 3624 τάς
1041 3533 1162 3640 ἀρχάς
1181 3534 1252 3629 τὴν
1270 3541 1413 3619 αἰτίαν.

819 3706 822 3712 ·
863 3664 1036 3759 (scidam
1057 3660 1229 3767 έναγωγὴ
1251 3666 1437 3761 οἰκέτου.)
1565 3696 1611 3811 ape·

793 3826 906 3903 1499.

266 3968 306 4045 si
333 3996 462 4046 servus
490 3969 664 4046 venditus
693 3968 825 4047 morbo
856 3970 982 4070 aliquo
1020 3968 1184 4066 laboret,
1225 3998 1334 4073 quem
1372 3973 1544 4054 venditor

159 4128 236 4178 non
253 4100 445 4195 indicarit,
474 4103 585 4179 liceat
603 4100 760 4202 emptori
786 4126 872 4177 cum
890 4099 1083 4176 venditore
1103 4101 1301 4201 injudicio
1321 4102 1541 4204 disceptare,

158 4253 269 4303 causa
288 4227 391 4328 prius
411 4227 510 4328 apud
530 4229 769 4328 magistratus
789 4252 856 4330 per
875 4227 1054 4330 scriptum
1073 4227 1251 4327 exposita.

796 4389 911 4466 1500.

268 4527 322 4606 Tri
342 4525 463 4617 οὕτως
483 4525 723 4636 ἀπογράφειν
751 4525 965 4634 ἀνάγειν
991 4534 1177 4620 καλεῖται,
1202 4535 1271 4605 καὶ
1291 4521 1312 4623 ἦ
1333 4526 1540 4635 ἀπογραφή

158 4652 403 4762 ἀναγωγὴ.
461 4661 608 4755 (Loxic
628 4659 782 4767 Seguer.
803 4689 838 4764 p.
851 4661 930 4736 214
948 4689 976 4738 s.
997 4688 1031 4736 v,
1051 4653 1231 4770 ἀναγωγὴ
1245 4660 1435 4757 οἰκέτας)

797 4825 910 4901 1500.

265 4964 426 5042 Oausanr
445 4966 497 5040 ita
515 4966 655 5067 scripto
685 4993 873 5083 exponere
903 4978 1056 5044 vocatur
1083 4967 1374 5064 redhibere,
1404 4970 1541 5070 etipsa

159 5093 254 5167 actio
283 5091 574 5168 redhibitio.
1178 5116 1179 5119 ’

1287 5221 1328 5285 25
