3404 5782
160 368 239 446 tto
624 382 936 436 commaneamus
956 381 1008 432 uo
1027 378 1090 433 215.

162 584 334 684 trajicere
353 580 562 671 videretur,
593 601 700 675 reges
729 572 869 674 aliquid
889 571 1087 655 adversum
1107 571 1196 648 deos
1216 597 1416 673 peccasse
1433 569 1579 673 judica·

160 712 252 787 bant
270 731 503 808 regnumque
521 705 565 779 iis
584 702 829 800 abrogabant,
850 697 1034 798 tantisper
1053 698 1141 773 dum
1161 697 1333 800 Delphis
1355 710 1431 773 aut
1452 695 1580 799 Olym·

159 833 224 934 pia
244 833 436 909 oraculum
455 830 608 906 allatum
628 838 744 920 esset,
775 823 873 924 quod
903 822 1087 899 damnatis
1115 822 1271 923 regibus
1306 822 1579 926 opitularetur.

161 956 429 1051 (Plutarch.
459 953 587 1054 Agis.
619 949 702 1046 11.)

266 1101 425 1204 Ephoris
444 1108 610 1202 potestas
630 1106 685 1173 est
703 1095 927 1190 mulctandi,
959 1121 1071 1195 quem
1089 1096 1224 1185 velint,
1259 1105 1301 1170 et
1324 1095 1472 1173 subito
1491 1097 1578 1174 mul·

159 1239 258 1305 ctam
277 1225 472 1325 exigendi,
501 1234 613 1324 atque
642 1224 754 1299 etiam
782 1221 1039 1318 magistratus,
1070 1219 1159 1297 dum
1186 1221 1321 1297 adhuc
1343 1247 1444 1298 cum
1464 1222 1578 1327 impe·

160 1353 215 1431 rio
233 1364 338 1448 sunt,
368 1351 430 1428 vel
447 1348 530 1429 loco
549 1347 743 1442 movendi,
774 1347 834 1422 vel
863 1346 1074 1423 carceribus
1099 1348 1431 1451 constringendi,
1466 1349 1528 1425 vel
1545 1351 1579 1425 in

153 1477 337 1578 judicium
366 1476 410 1553 de
440 1475 518 1551 vita
547 1472 718 1550 vocandi.
754 1471 1063 1572 (Xenophon.
1092 1471 1402 1551 Lacedaenn
1437 1474 1577 1578 Resp.

161 1603 266 1697 VIII,
288 1605 347 1698 4.)

267 1727 378 1829 Apud
399 1726 596 1804 Cretenses
611 1739 795 1802 summam
814 1733 1036 1824 potestatem
1057 1719 1281 1799 obtinebant
1298 1722 1453 1802 decem
1474 1723 1577 1801 Cos-

161 1856 240 1950 rni,
261 1854 323 1954 qui
344 1854 454 1929 etiam
472 1853 510 1928 in
529 1851 629 1929 bello
647 1851 844 1950 imperium
863 1848 1026 1926 obibant.
1064 1847 1150 1924 Non
1170 1847 1437 1944 eligebantur
1459 1864 1578 1929 auten

160 2006 206 2058 ex
225 1963 415 2077 omnibus,
442 1978 539 2054 sicut
567 1976 710 2080 Ephori
739 1973 1039 2069 Lacedaemone,
1068 1972 1133 2049 sed
1153 1998 1173 2049 e
1192 1972 1575 2076 quibusdam-gene

160 2105 271 2182 ribus.
310 2104 594 2200 (Aristotel.
614 2102 760 2179 Polit.
781 2102 829 2193 ΙΙ,
850 2100 885 2195 7,
908 2101 1045 2192 3--5.)

266 2228 346 2306 Nec
364 2228 506 2330 Ephori
523 2227 625 2330 apud
643 2224 977 2315 Lacedaemonios,
998 2251 1067 2300 nee
1086 2223 1211 2302 Cosmi
1232 2228 1348 2329 apud
1372 2228 1576 2306 Cretenses

158 2355 382 2434 tenebantur
412 2356 600 2432 rationum
627 2352 908 2432 referendarum
930 2350 1100 2452 judicia,
1128 2362 1165 2426 et
1194 2377 1262 2451 per
1293 2367 1434 2431 totam
1466 2356 1573 2432 vitum

158 2483 342 2581 gerebant
361 2483 638 2580 nragistratum3
662 2480 820 2579 denique
839 2504 914 2554 non
935 2504 955 2552 e
974 2477 1204 2579 praescripto
1220 2478 1325 2575 juris
1347 2483 1495 2584 scripti
1514 2483 1571 2557 im·

158 2609 364 2708 parabant,
393 2608 458 2683 sed
484 2634 551 2683 suo
570 2606 771 2699 arbitratu,
801 2601 901 2706 quod
930 2598 1181 2703 periculosum
1211 2614 1280 2679 est.
1327 2604 1567 2702 (Aristot.

159 2732 302 2809 Polit.
323 2734 371 2826 II,
393 2733 427 2826 7,
448 2734 503 2824 6.)

265 2856 442 2933 Cicero
463 2854 529 2949 (de
550 2854 707 2956 Republ.
727 2856 775 2948 Il,
797 2854 868 2945 33)
888 2855 1078 2956 componit
1089 2853 1262 2956 Ephorus
1282 2880 1380 2934 cum
1403 2859 1566 2937 tribunis

158 2979 278 3082 plebis
310 2981 583 3072 Romanorum,
615 2976 703 3053 dum
731 2978 839 3053 dicit:
880 2979 1003 3075 ,Nam
1032 2980 1145 3056 etiam
1172 2979 1341 3082 Spartae
1376 2996 1563 3085 regnante

158 3105 405 3205 Theopompo
437 3115 524 3179 sunt
551 3104 640 3178 item
669 3103 852 3202 quinque,
881 3130 973 3202 quos
991 3105 1044 3179 illi
1063 3105 1235 3207 Ephoros
1253 3109 1490 3209 appellant,
1520 3123 1561 3183 nt

158 3240 335 3327 eontra
363 3229 630 3304 consulare
659 3228 914 3329 imperium
943 3229 1137 3304 tribuni
1175 3231 1374 3331 plebis,
1418 3237 1476 3312 sic
1513 3234 1558 3309 illi

157 3363 285 3431 contra
304 3355 377 3430 vim
398 3355 538 3456 regiam
557 3352 781 3431 constituti.“

264 3478 488 3557 Universum
518 3480 563 3556 de
592 3479 752 3582 Ephoris
781 3480 990 3557 doctrinam
1017 3480 1166 3558 uberius
1194 3485 1381 3560 tractavit
1413 3486 1444 3562 J
1455 3513 1555 3564 oan-

157 3634 240 3683 nes
269 3607 668 3708 Christophorus
697 3607 910 3708 Spakler
937 3609 976 3682 in
1011 3609 1274 3710 Disputatione
1311 3610 1488 3689 literaria
1513 3610 1553 3684 de

156 3732 317 3835 Ephoris
336 3734 437 3837 apud
457 3733 764 3810 Lacedemonios.
793 3732 1105 3828 (Amstelaedarni
1129 3734 1263 3827 1842.)

264 3877 377 3980 Apud
403 3877 556 3954 Cnidios
585 3905 630 3954 ex
659 3877 899 3979 optimatibus
930 3879 999 3955 viri
1031 3879 1226 3980 sexaginta
1255 3880 1401 3961 delecti
1432 3895 1548 3972 erant,

156 4005 288 4108 quibus
307 4033 375 4108 per
396 4031 546 4081 omnem
562 4005 677 4080 vitam
697 4015 874 4103 tanquam
893 4003 1165 4106 inspectoribus
1184 4005 1416 4107 utebantur,
1439 4023 1476 4086 et
1495 4036 1547 4085 eo·

154 4158 235 4205 rum
264 4130 413 4206 summis
443 4131 480 4205 in
508 4129 670 4228 negotiis
700 4130 962 4208 auctoritatem
990 4132 1250 4231 sequebantur.
1301 4133 1547 4212 Vocabantur

155 4250 535 4358 autemdpmiporec,
560 4257 598 4332 id
618 4271 674 4335 est
693 4260 1025 4354 Immemores,
1055 4258 1154 4359 quod
1174 4260 1366 4337 laetorum
1386 4265 1545 4341 rationes

154 4381 274 4457 abiis
304 4407 378 4457 non
408 4383 675 4483 exigebantur,
704 4396 769 4461 aut
799 4386 898 4485 quod
927 4385 1129 4486 plurimum
1156 4384 1328 4462 valerent
1358 4390 1543 4466 memoria.

155 4505 425 4597 (Plutarch.
447 4518 587 4607 quaest.
606 4537 661 4609 gr.
682 4512 740 4602 4.)

260 4629 438 4708 Chalcide
457 4632 699 4734 Hippobotae
725 4637 994 4737 rempublicam
1023 4646 1246 4731 tenuerunt,
1276 4640 1344 4736 qui
1365 4667 1542 4717 summam

152 4787 274 4836 rerum
304 4760 523 4860 optimatum
552 4761 709 4861 imperio
735 4763 938 4861 gerebant,
969 4789 1083 4839 censu
1111 4762 1209 4839 lecti.
1249 4762 1474 4855 (Strabo.
1502 4768 1541 4842 X.

151 4873 229 4985 cap.
254 4886 284 4959 1.
307 4874 340 4984 ξ.
361 4886 395 4958 8.
416 4912 452 4985 p.
474 4885 585 4976 447.)

257 5008 497 5111 Hippobotae
515 5022 638 5087 autem
659 5011 802 5104 (idest,
825 5013 887 5110 qui
907 5039 1022 5111 equos
1043 5016 1165 5108 alunt)
1188 5017 1434 5098 vocabantur
1453 5021 1542 5122 apud

150 5134 416 5212 Chalcidenses
437 5136 604 5211 homines
623 5136 838 5237 locupletes.
870 5140 1021 5229 (Hero
1037 5143 1059 5216 d
1073 5170 1093 5216 o
1107 5153 1130 5217 t.
1154 5142 1198 5233 V,
1222 5144 1310 5234 77.)
