3436 5790
578 399 886 452 consuescamus
908 403 958 452 99
979 402 1042 456 999.
1062 399 1125 453 999.
1468 370 1546 444 537

265 592 456 666 Demosth.
486 592 524 666 in
553 591 702 691 Aphob.
732 590 775 668 11
780 650 788 684 ,
818 584 921 668 8369
959 587 1060 664 κατὰ
1090 586 1156 676 τοὶς
1186 593 1293 663 πέντε
1322 592 1391 660 καί
1420 586 1545 661 είκοσι

155 711 258 807 μνᾶς
277 717 530 800 πεντακοσίας
551 710 768 812 (δραχμάς)
787 717 985 811 εἰσφέρειν.
1022 715 1332 818 Vigintiquinque
1352 715 1474 790 minae
1493 715 1545 790 19-

160 840 263 915 ciunt
283 841 387 915 2500
407 841 621 933 drachmas;
641 869 731 940 ergo
743 842 937 937 25119093--59
957 869 1021 917 seu
1042 843 1172 941 quinta
1191 868 1279 940 pars
1298 840 1367 914 1919
1385 831 1548 931 εἰσφορά

160 965 197 1040 id
217 978 273 1042 est
292 964 355 1041 illa
372 967 553 1065 pecuniae
572 993 736 1060 summa,
765 969 811 1042 de
842 995 916 1067 qua
942 966 1121 1042 tributum
1149 964 1371 1042 solvendum
1391 974 1472 1039 erat
1490 988 1546 1038 sc-

160 1089 324 1167 cundum
340 1090 463 1188 legem
482 1092 551 1166 sub
571 1093 772 1194 Nausinico
792 1093 972 1168 archonte
996 1120 1096 1168 anno
1116 1091 1236 1166 seco
1255 1116 1287 1165 9
1308 1088 1376 1165 Oh.
1396 1087 1547 1188 Olymp.

163 1214 287 1307 100‚3
307 1216 428 1289 1999999.
450 1217 554 1291 Haec
577 1217 691 1316 igitur
709 1243 859 1292 censum
876 1215 1047 1293 aSolone
1067 1216 1306 1292 constitutum
1325 1211 1547 1295 immutavit

269 1357 467 1433 Suidas:
501 1359 673 1452 Τίαημα·
702 1361 849 1460 λέγεται
879 1355 918 1433 δὲ
946 1354 991 1432 τὸ
1020 1363 1067 1432 ἐκ
1084 1355 1150 1446 τῆς
1169 1351 1305 1440 οὐσίας
1323 1349 1547 1450 εἰσφερόμε-

163 1508 234 1555 νον
261 1487 347 1575 παρ’
377 1477 545 1553 ἑκάστου
573 1485 727 1578 τίμημα.
764 1485 944 1581 (Τίμημα
965 1485 1099 1560 dicitur
1119 1485 1231 1560 etiam
1250 1508 1405 1574 census,
1437 1506 1547 1580 quem

162 1609 315 1708 quisque
336 1635 404 1708 pro
424 1610 533 1684 modo
553 1609 734 1685 bonorum
755 1636 908 1687 suorum
925 1612 964 1685 in
984 1611 1166 1687 aerarium
1179 1608 1362 1699 confert.)

232 1743 236 1770 ³
268 1748 392 1827 Schol.
412 1752 451 1825 in
471 1753 691 1828 1199909199.
713 1753 926 1829 Aristocrat.
948 1755 1036 1848 612,
1057 1755 1101 1828 3:
1121 1754 1158 1824 οί
1177 1756 1330 1824 πολῖται
1349 1740 1550 1844 εἰσέφερον

160 1868 206 1945 τὸ
226 1869 408 1946 913900τό9
421 1881 546 1971 μέρος.
586 1876 717 1970 (Cives
737 1880 980 1955 conferebant
998 1880 1209 1954 vicesimam
1229 1880 1405 1979 partem.)
1433 1886 1454 1905 '¹

722 2106 825 2233 ,99
854 2109 960 2191 999.

270 2269 479 2345 Boeckhius
500 2270 735 2375 (8999991991.
757 2271 890 2347 Athen.
910 2272 991 2348 Lib.
1013 2272 1076 2349 IV.
1097 2298 1176 2376 cap.
1190 2270 1234 2363 9)
1256 2271 1418 2372 conjicit,
1439 2294 1546 2372 prae·

163 2395 321 2471 999111ο9
343 2395 446 2468 1200
466 2396 585 2489 cives,
616 2399 677 2496 qui
698 2398 917 2498 symmorias
936 2397 1168 2490 formabant,
1198 2397 1292 2472 alios
1316 2410 1462 2496 quoque
1483 2395 1548 2469 mi·

162 2521 243 2595 nori
273 2521 480 2596 substantia
515 2522 705 2621 praeditos
734 2523 780 2597 ad
811 2515 994 2618 εἰσφορὰς
1022 2522 1233 2598 9999911999.
1281 2518 1549 2619 Gonjecturam

164 2649 244 2747 ejus
273 2647 496 2720 confirmant
522 2645 595 2722 loci
624 2672 692 2747 per
710 2675 778 2723 nos
796 2649 836 2723 in
854 2645 1000 2743 legibus
1024 2647 1143 2739 citati,
1172 2671 1328 2747 nempe:
1356 2641 1563 2720 Demosth'

164 2771 248 2845 adv,
269 2771 413 2870 Leptin.
436 2770 532 2845 4729
558 2773 744 2847 neminem
764 2799 844 2849 esse
862 2773 1065 2848 immunem
1084 2772 1132 2847 ab
1153 2765 1350 2865 εἰσφοραῖς
1360 2766 1384 2857 ,·’
1403 2768 1548 2870 Ηεεροὲ

163 2896 335 2971 99991919
355 2897 573 2992 συμμορία.Ι
603 2908 640 2971 99
641 2898 711 2972 iam
733 2898 882 3011 civitate
907 2896 1064 3021 donatos
1083 2895 1264 2972 inscribi
1254 2922 1292 2970 999
1310 2896 1551 2996 symmorias;

164 3026 303 3098 Demos
306 3023 356 3097 919
378 3023 460 3098 adv
482 3025 590 3125 Lept
581 3051 629 3099 rn.
653 3025 749 3099 4659
778 3002 877 3102 illos
890 3050 1048 3125 qnorum
1076 3049 1168 3124 opes
1196 3047 1273 3098 non
1292 3021 1484 3099 sufficiunt
1502 3018 1550 3094 ad

165 3145 376 3238 obeundum
404 3160 586 3225 munust
572 3130 855 3244 trierarchatus,‘
893 3148 1133 3224 nihilominus
1170 3149 1360 3244 εἰσφέρειν
1397 3142 1552 3236 (19199999

165 3274 322 3347 Demost
323 3272 357 3346 19.
390 3273 473 3348 adv
503 3270 719 3350 Aristocrat.
749 3272 848 3348 6129
887 3272 988 3349 cives
1016 3264 1255 3372 vigesimam,
1283 3270 1486 3405 inquilinos
1514 3275 1551 3344 ’99

165 3422 293 3471 servos
312 3408 455 3472 sextam
474 3395 703 3473 substantiae
722 3408 867 3499 partem
886 3390 1132 3475 contribuere.
1258 3406 1261 3417 '
1426 3412 1429 3417 ’

272 3546 352 3621 Imo
373 3573 391 3621 9
408 3544 561 3622 Ρ911999
582 3545 707 3659 (VIII,
731 3546 827 3638 1214)
846 3558 1016 3650 apparet,
1036 3545 1148 3621 etiarn
1167 3542 1433 3646 inquilinorum
1451 3565 1550 3639 sym-

165 3672 299 3746 morias
329 3671 524 3754 exstitisse.
569 3670 935 3773 Ejusverbasunt:
973 3673 1042 3742 καί
1071 3657 1265 3766 συμμορία
1293 3659 1435 3738 καὶτὸ
1465 3666 1551 3791 παρ,

161 3787 343 3892 Ἴπερίδῃ
374 3793 713 3894 »μετοικικῆς
741 3798 1027 3893 συμμορίας
1054 3791 1228 3891 suflicgf‘

272 3939 450 4038 Ejusdem
479 3937 606 4015 classis
636 3940 736 4015 cives
766 3941 877 4016 etism
901 3942 1090 4042 συντελεῖς
1111 3936 1421 4033 (contributores)
1441 3960 1550 4011 vocas

165 4066 320 4160 bantur3
350 4066 400 4153 199Ι

271 4209 538 4310 Harpocratio:
560 4211 795 4281 συντελεῖ
803 4238 841 4297 ς,
862 4210 899 4283 οἰ
921 4205 1238 4291 συνδαπανώντες
1257 4209 1328 4279 καί
1347 4209 1550 4298 συνεισφέ-

165 4355 314 4427 ροντες·
343 4328 387 4404 τὸ
410 4329 448 4407 δὲ
468 4330 623 4434 πρᾶγμα
643 4337 838 4407 συντέλεια
858 4338 1042 4408 καλεῖται.

271 4479 463 4553 Demosth.
483 4479 521 4552 in
541 4478 703 4555 Midiam.
724 4509 759 4581 p.
783 4476 879 4554 5649
901 4462 965 4552 6919
983 4475 1136 4577 πρῶτον
1155 4474 1379 4561 διακοσίους
1398 4481 1466 4550 καί
1481 4505 1551 4572 χι-

165 4604 272 4684 λίους
292 4597 519 4690 πεποιήκατε
539 4606 739 4689 συντελεῖς.

275 4743 332 4821 Cf.
352 4745 605 4823 Parreidt:
634 4751 692 4824 De
720 4749 887 4824 instituto
917 4775 961 4825 eo
992 4749 1292 4834 Atheniensium,
1322 4727 1426 4848 cujus
1452 4738 1549 4821 ordi*-

167 4872 356 4947 nationem
376 4873 415 4946 in
434 4873 601 4949 oratione
621 4876 704 4969 περί
724 4868 948 4970 συμμοριῶν
967 4875 1238 4951 Demosthenes
1256 4872 1396 4950 suadet.
1425 4873 1549 4972 (Mag-

168 4997 251 5073 deb.
273 4996 409 5088 1836.)
