3436 5790
341 460 343 463 v
481 389 648 442 nutrcrn
667 388 831 442 ruumcu
849 388 1117 444 runcenrruu.
1415 365 1491 440 265

628 596 632 605 ’
746 581 859 658 1052.

213 718 439 814 utatur·
480 726 622 824 κυρίως
651 715 700 817 ἣν
732 723 956 828 εἰσάγουσιν
983 725 1020 799 οἱ
1048 725 1235 828 Λογιοταὶ
1274 717 1365 822 πρὸς
1401 698 1499 809 τοῦςΙ

109 847 291 941 δόξαντας
314 846 370 947 μή
400 846 528 950 ὀρθῶς
558 843 670 950 α’ίρξαι
700 850 763 942 τῆς
792 847 932 935 πόλεως
953 843 976 942 ἢ
995 849 1222 949 πρεσβεῦσαι
1243 847 1393 936 κακῶς·
1423 853 1492 923 καὶ

108 972 152 1049 τοὶ
173 972 397 1075 δικαστήρια
411 977 488 1074 μὲν
506 978 542 1050 οἱ
562 981 750 1080 Λογιοταί
779 975 987 1075 κληροῦοι,
1017 985 1223 1080 κατηγορεῖ
1240 973 1278 1051 δι’
1300 966 1322 1050 ῦ
1344 971 1492 1073 βουλό-

103 1129 240 1199 μενος·
271 1106 339 1177 καὶ
358 1111 437 1189 τοῖς
456 1099 653 1189 δικασταῖς
672 1108 817 1198 ἐφεῖται
837 1098 1026 1201 τιμᾶσθαι
1047 1111 1126 1188 τοῖς
1145 1093 1321 1181 ἁλοῦσιν.

1196 1228 1385 1327 (Suidas.)

739 1339 853 1415 1052.

211 1482 429 1582 Disquisitio
448 1491 505 1558 est
523 1483 673 1583 proprie
693 1482 812 1579 actio,
841 1507 953 1583 quam
974 1482 1149 1582 Logistae
1176 1482 1377 1557 instituunt
1404 1506 1490 1557 con·

108 1618 164 1683 tra
182 1632 267 1703 eos,
296 1633 390 1707 quos
420 1606 581 1709 suspicio
609 1618 666 1685 est
683 1607 955 1710 rempublicam
975 1633 1051 1683 non
1069 1617 1170 1683 recto
1189 1605 1488 1699 administrasse,

108 1731 167 1806 vel
193 1732 419 1832 legationem
448 1757 646 1833 perperam
673 1732 821 1810 obiisse.
870 1733 919 1808 Et
951 1732 1095 1834 judicia
1131 1730 1278 1831 quidem
1317 1731 1491 1832 Logistae

107 1856 329 1956 sortiuntur;
356 1858 422 1935 sed
449 1870 598 1935 accusat
626 1858 791 1959 quisquis
820 1858 923 1957 vult;
944 1858 1136 1958 judicibus
1155 1868 1280 1934 autem
1296 1858 1382 1935 licet
1399 1857 1491 1933 mul·

108 1989 205 2057 ctam
222 1983 387 2084 irrogare
408 1984 597 2062 convictis.
741 2093 758 2166 ¹
793 2092 842 2167 53

728 2171 731 2175 .
764 2102 789 2174 0
845 2151 853 2169 .

206 2208 303 2292 Ἐάν
330 2243 386 2309 τις
418 2209 645 2306 Ἀθηναίων
682 2211 862 2314 λαμβάνῃ
901 2209 1003 2317 παρά
1030 2242 1157 2304 τινος,
1198 2245 1218 2305 η
1249 2209 1366 2300 αῦτδς
1395 2211 1491 2314 διδῷ

108 2340 239 2436 ἑτέρῳ,
268 2332 291 2430 ἢ
310 2337 520 2438 διαφθείρῃ
538 2337 648 2426 τινας
672 2336 1019 2444 ἐπαγγελλόμενος,
1049 2344 1110 2414 ἐπὶ
1127 2336 1257 2440 βλάβῃ
1277 2339 1347 2414 τοῦ
1368 2337 1492 2436 δήμου

112 2469 177 2538 καὶ
198 2459 280 2565 ι’δίρι
300 2493 402 2551 τινος
430 2463 510 2543 τῶν
539 2463 728 2556 πολιτῶν,
756 2462 885 2566 τρόπῳ
906 2460 1101 2564 ἢμηχανῇ
1126 2457 1327 2563 ᾑτινιοῦν,
1357 2457 1492 2562 ῦτιμος

109 2588 201 2664 ἴστω
221 2595 290 2666 καὶ
310 2589 440 2680 παῖδες
457 2597 528 2668 καί
546 2588 594 2666 τα
614 2593 781 2671 ἐκείνου.
873 2595 1089 2692 (Demoslh.
1109 2595 1148 2671 in
1167 2593 1254 2670 Mid.
1277 2594 1384 2686 551.)

745 2757 859 2834 1053.

211 2882 252 2960 si
270 2884 354 2984 quis
372 2881 654 2962 Atheniensium
673 2883 721 2959 ab
741 2882 865 2985 aliquo
885 2884 1088 2984 acceperit,
1118 2893 1182 2958 aut
1199 2883 1280 2984 ipse
1301 2882 1406 2959 alteri
1426 2882 1487 2958 de·

108 3007 219 3104 derit,
248 3021 313 3085 aut
342 3009 515 3111 pollicitis
543 3009 688 3110 aliquos
717 3008 945 3110 corruperit,
975 3008 1022 3084 ad
1050 3007 1262 3086 nocendum
1290 3006 1429 3110 populo
1455 3022 1493 3085 61

108 3132 152 3208 ad
172 3134 360 3234 privatum
378 3135 556 3212 damnum
575 3135 729 3236 alicujus
748 3135 904 3228 civium,
923 3132 1034 3211 modo
1054 3145 1091 3211 et
1109 3133 1382 3210 machinatione
1402 3160 1490 3233 qua·

109 3283 272 3359 cunque,
301 3260 571 3358 ignominiosus
590 3271 670 3338 esto
690 3273 728 3337 et
745 3259 853 3339 liberi
874 3274 912 3339 61
928 3261 1030 3338 bona
1048 3259 1145 3338 illius
1165 3259 1412 3362 publicantur.

744 3421 858 3498 1054.

212 3547 328 3645 Περὶ.
341 3542 419 3622 τῶν
447 3541 778 3646 δωροδοκούντων
796 3538 868 3621 δῦο
887 3541 1079 3645 τιμήματα
1099 3541 1219 3636 εἶναι,
1249 3539 1273 3638 ἢ
1294 3541 1489 3634 θάνατον,

106 3668 170 3745 λ’να
199 3670 339 3761 ταύτης
365 3668 497 3766 τυχών
523 3671 586 3762 τῆς
615 3672 747 3770 ζημίας
767 3662 789 3747 ὁ
808 3664 942 3771 λαβων
970 3665 1208 3774 παράδειγμα
1237 3674 1386 3774 γίνηται
1412 3680 1491 3758 τοῖς

108 3789 236 3884 ἄλλοις
247 3856 257 3888 ,
289 3792 312 3887 ἢ
340 3794 563 3872 δεκαπλοῦν
581 3796 651 3873 τοῦ
670 3792 710 3890 ἐξ
732 3794 851 3899 ἀρχῆς
879 3794 1074 3896 λημματος
1092 3793 1137 3873 τδ
1157 3801 1300 3897 τίμημα
1319 3797 1395 3873 τῶν
1416 3794 1490 3871 διό-

108 3953 203 4024 ριον,
232 3926 298 3999 ἵνα
313 3920 367 4023 μὴ
387 3928 573 4012 λυσιτελὲς
592 3917 618 4025 ᾖ
636 3935 716 4015 τοῖς
735 3922 854 4002 τοῦτο
872 3922 1041 4024 τολμῦοι
1062 3933 1195 3999 ποιεῖν.

766 4051 961 4149 (Dinaroh.
981 4079 1011 4129 c.
1031 4052 1224 4131 Demosth.
1245 4046 1278 4154 ξ.
1301 4053 1383 4145 60.)

747 4217 859 4293 1054.

213 4341 258 4420 ln
277 4368 341 4419 eos
359 4343 422 4443 qui
440 4341 698 4442 largitionibus
717 4343 882 4447 corrupti
906 4354 1013 4440 sunt,
1042 4342 1137 4421 duae
1166 4344 1326 4421 mulctae
1354 4345 1490 4421 consti·

106 4479 279 4565 tuantur,
309 4470 509 4563 velmors,
539 4480 580 4544 ut
606 4469 678 4546 hoc
697 4470 882 4574 supplicio
901 4470 1132 4547 nummarius
1149 4470 1211 4546 ille
1231 4471 1389 4546 affectus
1409 4471 1490 4548 aliis

107 4598 277 4697 exemplo
298 4596 363 4691 sit,
394 4607 458 4671 aut
488 4595 647 4700 decupla
675 4597 819 4699 accepti
849 4597 1014 4674 muneris
1044 4598 1198 4692 mulcta,
1227 4608 1269 4673 ut
1296 4623 1340 4673 66
1368 4622 1427 4673 ros
1446 4596 1490 4672 iis

107 4722 168 4820 qui
186 4718 234 4797 ab
255 4722 319 4797 illo
348 4721 514 4798 facinore
543 4748 621 4798 non
649 4723 931 4818 abhonuorint,
960 4722 1053 4800 nihil
1085 4722 1324 4799 emolumenti
1348 4724 1489 4801 afferat.

744 4885 857 4961 1055.

215 5002 405 5097 Κολάξαιν
425 5001 526 5081 οὕτω
555 5013 623 5082 κατ’
648 5013 895 5107 τιμωρεῖσθαι
916 5005 1007 5095 τοῦς
1026 5004 1365 5106 δωροδοκοῦντας,
1396 5001 1489 5081 ὡόττ

104 5135 175 5207 καὶ
196 5137 369 5222 στηλίτας
390 5141 522 5212 ποιεῖν.
691 5137 919 5235 (Demosth.
940 5138 979 5212 in
999 5136 1161 5238 Philipp.
1183 5138 1250 5231 lll,
1274 5136 1383 5229 122.)
