3436 5790
674 496 678 506 ,
743 432 1020 485 nauuuularro.
1480 397 1565 479 ¹¹1¹89
1652 489 1656 497 .

175 625 315 703 etiamsi
334 628 503 728 quintam
523 628 784 724 suffragiorum
804 635 949 726 partem
969 651 1046 701 non
1071 625 1207 701 tulerit.
1247 622 1379 706 Tertia
1398 616 1563 720 denique

171 751 309 828 delatio
330 756 372 827 fit
390 752 567 831 adversus
586 752 765 844 arbitros,
798 749 973 852 aquibus
1003 751 1033 826 si
1059 752 1141 852 quis
1160 749 1282 827 laesus
1303 747 1436 842 frier-it,
1466 747 1499 823 ei
1519 745 1561 824 lr-

173 888 254 953 ceat
272 876 373 978 apud
387 876 535 978 judices
555 878 739 956 actionem
764 876 971 954 intendere.
1077 921 1080 927 ·
1550 893 1556 904 '

825 1039 915 1112 eoo.
964 1021 966 1024 ’

281 1169 421 1254 Ου”τε
402 1182 596 1273 ειτιτίμιον
615 1190 696 1266 ταῖς
716 1176 807 1282 πρὸς
828 1175 899 1253 τὸν
918 1172 1093 1278 ἄρχοντα
1123 1179 1419 1282 είσαγγελίαις”
1397 1201 1558 1265 επεστιν,

176 1299 295 1380 οὐδ’
278 1300 348 1380 cciv
367 1299 457 1378 οὐδὲ
473 1307 574 1401 μίαν
601 1304 680 1379 τῶν
709 1301 851 1406 ψήφων
884 1306 921 1379 σί
950 1308 1255 1411 εἰσαγγείλαττες
1270 1294 1557 1433 γιεταλαὶβωσιν,

176 1421 262 1506 οὔτε
282 1426 511 1531 παράστασις
532 1425 697 1530 οὐδειιία
716 1433 867 1507 τίθεται
886 1429 965 1505 τῶν
983 1426 1285 1535 εἰσαγγελιῶν.

823 1560 974 1652 (Isaeus
994 1556 1040 1638 de
1062 1545 1197 1660 Pyrrhi
1216 1555 1293 1636 her.
1314 1552 1347 1658 §.
1369 1552 1502 1665 47.)
1544 1637 1553 1677 ,

823 1721 912 1798 800.

174 1929 178 1934 .
278 1867 408 1965 Neque
436 1866 597 1942 mulctae
626 1866 784 1942 luendae
813 1866 917 1942 locus
935 1866 1047 1942 estin
1069 1862 1418 1981 denuntiationibus
1435 1863 1484 1940 ad
1501 1890 1560 1939 ar·-

173 1991 366 2083 chontem,
396 2018 443 2067 ne
470 1991 502 2066 si
530 1991 678 2092 quidem
704 2019 856 2094 prorsus
876 1990 1018 2067 nullum
1038 1991 1256 2089 suffragium
1277 1988 1558 2066 denuntiatores

173 2117 411 2209 abstulerint,
440 2141 561 2215 neque
580 2118 771 2218 sportulae
792 2115 987 2194 solvuntur
1006 2107 1264 2216 nequeullum
1281 2113 1484 2218 deponitur
1501 2136 1559 2192 see

59 2326 68 2335 ,
172 2253 402 2319 crementum
421 2242 754 2320 denuntiationum.

276 2512 345 2586 Δεῖ
361 2505 428 2595 τὰς
447 2513 685 2654 εἰσαγγελίας
705 2511 929 2611 γίγνεσθαι,
950 2506 1020 2582 εἰίν
1039 2536 1094 2594 τις
1113 2503 1183 2582 τὸν
1202 2505 1328 2604 δῆμον
1346 2504 1417 2583 τὸν
1431 2504 1578 2600 ’Aen‘
1694 2543 1697 2551 ⁴

171 2627 550 2744 ταίωτκαταλιιῃ·
534 2669 553 2726 η
574 2663 650 2778 rsup
630 2631 1020 2730 9sorurirput'sr'uou
1010 2630 1565 2733 ’παιιαδιγεταισκῆψιτούέ
1619 2629 1643 2682 '-

171 2756 307 2858 δεμίατ
336 2755 495 2847 οὐδενὸς
515 2751 644 2835 οὐδ’ι
621 2763 871 2872 υιιωγιοσίατ,
901 2754 998 2833 ἄλλοί
1028 2755 1101 2849 criu
1128 2763 1315 2854 ταχίστην
1342 2754 1468 2856 αὐτὴν
1497 2757 1559 2836 δεῖ

170 2876 304 2959 ίεναι’
287 2915 329 2960 εν
347 2916 402 2988 τῳ
388 2879 728 2985 δικαστηρίῳ
705 2887 860 2980 ησυτίῃ
889 2913 952 2957 τοι
981 2869 1042 2959 esi
1069 2882 1280 2961 καταλύσει
1299 2911 1369 2958 του
1356 2876 1558 2982 δήμουῆ
1619 2965 1620 2968 Ἴ

171 3010 365 3110 ἑταιρικὸν
384 3011 605 3157 συναγάγγγ,
638 3008 659 3102 ii
679 3009 747 3088 ε’ἀν
766 3041 820 3099 τις
838 3008 953 3095 πολιν
971 3041 1058 3086 τινα
1049 3004 1261 3110 αραδῳ’
1239 3043 1258 3100 ιγ
1282 3038 1376 3097 ταας
1398 3041 1417 3100 η
1400 3000 1557 3103 πεζήν
1674 3015 1675 3018 '

170 3133 402 3248 ἢναυτικὴτ
420 3135 624 3235 στρατιάν,
655 3131 679 3228 ι’)
706 3135 823 3236 ῥήτωρ
852 3130 908 3212 ὧν
931 3133 985 3234 μὴ
1015 3141 1104 3243 λέγῃ
1133 3133 1179 3211 τά
1210 3129 1346 3233 αριστα
1373 3164 1428 3237 τῳ
1412 3133 1555 3238 δὴμιιι

169 3259 224 3362 τῷ
246 3257 474 3354 Ἀθηναίων
492 3260 669 3363 χρήματα
689 3255 922 3362 λαμβάνων.

828 3388 1028 3493 (Hyperid
1048 3416 1117 3493 pro
1137 3389 1370 3494 Errxenippo.
1392 3391 1449 3483 7.)

819 3569 909 3669 σοι

273 3713 521 3788 Denunciatio
559 3717 622 3787 liat
659 3714 688 3786 si
727 3714 809 3813 (pris
846 3712 1065 3812 popularem
1094 3712 1379 3791 Atheniensium
1417 3726 1553 3791 statum

167 3837 362 3931 everterit3
389 3837 686 3943 namejusmodi
717 3836 856 3912 crimen
876 3862 946 3913 nec
973 3837 1248 3938 inquisitionem
1277 3838 1458 3934 admittit,
1488 3867 1551 3915 ne-

167 3992 238 4064 que
259 3963 375 4038 ullam
387 3949 633 4062 jurejurando
653 3958 872 4064 interposito
893 3962 1131 4056 dilationem,
1160 3963 1225 4040 sed
1245 3959 1552 4064 quamcitissime

166 4093 295 4167 adesse
315 4090 428 4167 debet
446 4089 482 4164 in
498 4087 650 4188 judicio.
690 4089 866 4165 Porrosi
895 4089 978 4189 quis
1008 4090 1055 4166 ad
1084 4089 1328 4165 evertendam
1349 4091 1550 4192 rempubli·
1627 4091 1629 4094 ’

166 4243 249 4294 eam
267 4214 534 4316 conjuraverit,
566 4215 627 4290 vel
655 4215 858 4292 factionem
886 4216 1137 4307 constituerit,
1170 4215 1232 4292 vel
1250 4216 1282 4292 si
1307 4216 1391 4315 quis
1417 4219 1549 4295 urbem

164 4342 326 4445 aliquam
353 4340 561 4442 prodiderit
590 4342 652 4417 vel
676 4366 791 4417 naves
821 4341 881 4418 vel
919 4322 1130 4442 pedestrem
1167 4342 1408 4420 nauticumve
1443 4364 1550 4421 eser-

165 4468 297 4560 citum,
326 4467 387 4542 vel
406 4467 437 4543 si
456 4477 581 4543 orator
599 4465 793 4567 publicus,
824 4467 1085 4565 largitionibus
1113 4493 1153 4542 se
1181 4468 1371 4570 corrumpi
1399 4485 1551 4571 passim

164 4617 240 4699 non
259 4592 401 4694 optima
419 4591 519 4671 dicat
536 4593 678 4694 populo
697 4591 931 4670 Atheniensi.

726 4796 729 4801 ·
813 4771 902 4847 802.

272 4910 323 4987 Εί
339 4908 489 4986 ἀδικῶν
506 4941 561 4999 τις
581 4903 782 4988 ἁλίσκεται
810 4905 833 5004 ἢ
857 4903 990 5011 ἅρχων
1020 4907 1043 5006 ἢ
1066 4908 1208 5014 ζιῆτωρ,
1238 4920 1291 5003 εἰς
1310 4912 1381 5008 τήν
1398 4912 1550 5015 βουλήν

164 5041 384 5142 εἰσαγγελία
403 5035 553 5112 δίδοται
573 5046 661 5113 κατ’
681 5034 830 5129 αὐτοῦ,
858 5033 941 5114 κίίν
954 5042 1031 5136 μὲν
1043 5047 1180 5140 μέτρια
1199 5039 1352 5121 ἀδικεῖν
1371 5040 1494 5138 δοκῇ,
1527 5032 1547 5133 ἧ

164 5162 289 5265 βουλὴ
307 5171 471 5240 ποιεῖται
483 5167 625 5263 ⁸§rpu'u9
642 5161 829 5265 ἐπιβολὴν
838 5218 849 5257 ,
878 5158 930 5244 δν
949 5163 990 5246 δὲ
1001 5171 1148 5270 μείζω,
1178 5163 1414 5270 παραδίδωσι
1431 5147 1549 5245 δικα-
