3436 5790
713 354 777 406 rus
792 326 1006 406 miscetis

690 576 693 583 ·
830 544 923 621 ίθ
1131 594 1135 603 ·
1218 591 1221 599 ·
1379 588 1383 600 ·

274 676 518 785 Plataeeuses
535 675 612 750 sint
629 657 875 751 Athenienses
894 671 942 749 ab
962 671 1034 750 hac
1051 671 1133 769 die,
1160 664 1333 750 honorati
1362 674 1403 747 trt
1397 666 1554 771 reliqui

165 774 437 896 Athenienses,
475 812 515 877 et
542 800 600 876 ius
625 796 812 888 habeant
846 792 1006 899 quoium
1035 732 1324 878 Athenienses
1304 818 1372 873 rus
1391 790 1560 890 hahent‚·

164 928 329 1005 omnium
348 937 387 1003 et
404 951 594 1004 saeros-nm
612 936 651 1001 et
668 924 933 1026 profanorum,
962 936 1225 1026 praeterquam
1253 926 1283 1001 si
1314 923 1415 1024 quod
1433 949 1553 1000 sacer·

165 1053 310 1131 dotium
327 1052 392 1132 vel
407 1049 628 1131 nuitieium
647 1049 984 1152 (mysteriumllest
1009 1050 1356 1151 gentilitinmsneq
1382 1049 1457 1126 sint
1475 1049 1552 1124 No-

165 1203 253 1256 vem
269 1175 489 1267 archontesv
511 1199 642 1253 eornm
658 1184 785 1253 tamen
804 1175 966 1275 posteris
988 1187 1027 1251 et
1044 1174 1137 1255 haec
1154 1180 1318 1276 patescit.
1355 1173 1578 1251 theu-s

165 1327 227 1381 scs
248 1313 375 1381 suen
394 1301 434 1381 in
460 1298 589 1381 denos
617 1310 656 1377 et
681 1299 802 1379 tribea
835 1299 1124 1401 dishibrianturt
1147 1311 1350 1402 postquam
1368 1306 1470 1377 verh
1479 1299 1562 1375 diss

166 1425 299 1505 tributi
314 1426 471 1520 inerint,
496 1451 545 1505 ne
564 1423 631 1503 ulli
649 1424 928 1505 Plataeensium
944 1424 1056 1505 licent
1074 1425 1153 1504 fieri
1163 1423 1518 1519 Atheniensem,
1469 1422 1563 1525 nui

166 1551 481 1654 idiraepepnlo
501 1547 723 1631 Atheniensi
742 1561 1002 1650 consequaces.
1346 1598 1349 1603 ‚
1395 1602 1398 1611 ·

798 1711 896 1789 21.
1003 1733 1005 1739 ·
1056 1732 1059 1739 ·

277 1825 750 1934 &petrapertusiense
768 1843 848 1922 τοῖς
867 1829 1045 1935 εὐπόροις
1063 1830 1278 1925 ἀπολιπεῖν,
1292 1829 1363 1926 τὴν
1381 1831 1415 1909 δ’
1435 1825 1561 1924 ἄλλην

163 1967 277 2062 μίξαι
295 1964 502 2038 πολιτείαν.
527 1960 680 2059 Λαβείν
698 1950 776 2036 mir
792 1955 840 2035 τὰ
859 1958 1052 2060 τιμήματα
1070 1959 1151 2038 ’τοῖν
1167 1963 1357 2051 πολιτῶν,
1376 1963 1447 2034 καί
1463 1953 1557 2046 soils

162 2084 240 2188 μέν
252 2092 298 2166 ἓν
312 2095 437 2186 ξηροῖς
456 2075 561 2183 ὃμοιί
578 2084 648 2160 καί
667 2076 803 2189 ὑγροῖς
816 2090 936 2184 μίτρα
955 2082 1190 2163 πεντακόσια
1209 2085 1430 2175 ποιοῦντος,
1450 2078 1560 2183 aqui

167 2240 257 2302 τους
283 2209 403 2301 εἶναι,
431 2213 501 2285 καί
533 2207 975 2310 πεντακοσιομεδίμνους
1012 2202 1327 2317 προςαγσριύιιν·
1339 2209 1557 2309 &minuce

168 2336 208 2417 δι’
239 2333 334 2425 τοιίς
369 2339 491 2413 ίππον
525 2341 680 2436 τρέφειν
714 2332 1003 2461 δυναμένους
978 2366 1002 2430 η
1025 2341 1145 2439 μέτρα
1178 2346 1305 2414 ποιεῖν
1331 2331 1555 2437 τριακόσια·

167 2467 239 2540 καί
257 2459 419 2550 τούτους
438 2457 582 2537 ἱππάδα
602 2461 809 2551 τιλουντσς
836 2466 984 2539 καλιίν.
1022 2469 1204 2568 Ζσυγίτάι
1224 2462 1260 2540 δ’
1278 2466 1405 2539 σίτου
1392 2458 1561 2562 τρίτου

167 2617 372 2690 rrpqucrcg
392 2583 742 2687 ὀνομαζέσθωσαν,
764 2583 821 2675 οἶς
835 2592 1015 2687 μίιρον
998 2614 1074 2666 ιστι
1094 2594 1397 2692 συναμφοτέρωι
1388 2585 1554 2663 διακο-

169 2717 273 2791 σίαν.
312 2713 360 2788 Oi
378 2709 417 2788 δὲ
437 2717 567 2790 λοιποί
586 2708 722 2800 πάντες
740 2712 958 2799 καλουνται
982 2714 1119 2806 Θῆτις
1148 2745 1206 2803 οις
1177 2710 1454 2814 'aeliutica‘
1432 2707 1557 2812 ccxiv

168 2842 298 2932 ἐξίστω
319 2864 476 2938 αρχιιν,
506 2833 604 2915 ἀλλά
627 2867 681 2938 τῳ
668 2836 1044 2933 συνεκκλησιάζειν
1061 2869 1132 2918 και
1122 2836 1391 2935 δικάζων’
1338 2867 1469 2941 μονον
1482 2870 1555 2938 μι-

168 2966 321 3061 τίχουσι
340 2961 404 3055 τῆς
421 2965 624 3052 πολιτείας.

581 3090 685 3184 (Lex
704 3089 854 3169 Solonis
872 3092 973 3195 apud
991 3092 1210 3173 Plutarch.
1198 3120 1240 3175 m
1258 3092 1386 3173 Solon.
1408 3093 1554 3195 18)

833 3248 896 3330 21.

274 3376 515 3477 Magistratus
534 3405 664 3456 omnes
684 3379 863 3459 divitibus
884 3379 1168 3481 relinquantur,
1196 3381 1341 3483 reliqna
1359 3408 1449 3460 vero
1468 3410 1558 3486 pars

168 3503 397 3607 reipublicae
425 3504 538 3601 etiarn
569 3505 798 3608 pauperibus
837 3507 1042 3587 communis
1071 3509 1148 3587 fiat.
1194 3509 1415 3587 Instituatur
1442 3509 1558 3608 igitur

168 3655 301 3708 census
328 3627 485 3724 civium,
515 3641 553 3707 et
579 3633 641 3734 qui
674 3631 862 3713 aridorum
889 3634 999 3713 simul
1025 3634 1324 3741 liquidorumquc
1351 3636 1563 3725 medimnos

169 3754 394 3858 quingentos
412 3753 450 3828 in
469 3687 647 3839 reditibus
666 3754 826 3853 habent,
856 3759 965 3860 primi
994 3761 1069 3839 sint
1084 3761 1185 3844 inter
1203 3763 1331 3859 cives,
1362 3776 1561 3879 vocentur-

170 3905 240 3979 que
260 3867 668 3979 pentacosicmedimni.
707 3879 880 3959 Secundo
900 3883 984 3962 loco
1003 3885 1077 3960 sint
1083 3887 1176 3988 ,qui
1196 3910 1332 3989 equum
1350 3889 1451 3987 alere
1470 3919 1558 4035 pos-

169 4015 254 4083 sunt
272 4013 336 4080 aut
354 4005 564 4083 medimnos
583 4006 770 4085 fructuum
789 4020 977 4088 trecentos
996 4012 1228 4114 percipiunt3
1247 4012 1357 4113 hique
1377 4018 1559 4117 equestris

34 4189 40 4200 .
168 4155 301 4209 census
319 4129 489 4207 homines
509 4133 757 4235 appellentur.
782 4136 911 4215 Tertio
930 4137 1206 4241 censnijugum
1224 4139 1404 4225 alentium
1417 4142 1472 4241 stt
1490 4170 1558 4220 no-

169 4281 267 4353 men,
279 4254 413 4355 quibus
432 4265 519 4333 sunt
537 4258 687 4338 ducenti
705 4261 883 4341 medimni
901 4263 1093 4369 utriusque
1107 4266 1251 4366 species
1239 4265 1378 4345 simul
1387 4279 1558 4372 sumptae

169 4385 267 4476 (tam
285 4379 475 4458 aridorum
495 4408 607 4486 qnam
626 4384 856 4482 fluidorum).
885 4388 1033 4491 Reliqui
1053 4413 1183 4466 omnes
1201 4391 1324 4492 capite
1343 4395 1445 4473 censi
1462 4421 1557 4499 nun7

169 4516 373 4610 supensus,
404 4508 540 4608 quibus
567 4511 711 4589 nullum
738 4513 849 4611 liceat
870 4515 1133 4615 magistratum
1149 4541 1301 4616 gerere,
1328 4518 1559 4599 sectantum

169 4632 216 4707 ad
236 4632 436 4710 conciones
454 4645 493 4710 et
510 4634 647 4714 iudicia
665 4637 836 4737 admissi,
866 4641 1021 4743 qeniant
1039 4640 1079 4721 in
1097 4651 1246 4744 partem
1263 4640 1512 4748 reipublicae..
1532 4724 1535 4729 ,

834 4799 897 4877 22.

272 4911 372 4992 Ἀπὸ
392 4913 690 5017 τιμήσεως-εἰναι
709 4916 754 4997 τὸ
770 4925 994 5023 πολίτευμα,
1015 4930 1084 5001 uui
1104 4923 1194 5015 τούς
1208 4930 1283 5026 μὲν
1299 4934 1559 5029 κεκτημένους

170 5045 285 5119 πλείω
314 5040 499 5143 δραχμῶν
528 5041 727 5140 δισχιλίων
762 5052 922 5148 κυρίους
956 5045 1054 5124 εἶναι
1083 5051 1156 5127 τοῦ
1183 5046 1460 5151 πολιτεύματος
1484 5059 1557 5132 καί
