3436 5790
218 336 305 431 1124
762 353 826 409 rus
841 351 1051 407 wnmeuu.

317 658 534 739 celebrata
562 664 687 737 autam
714 543 1032 729 Eleusiniemitiam
1059 663 1250 732 certamen
1277 653 1526 758 Proserpinae
1559 666 1598 731 et

212 785 377 881 Oet-ers,
406 784 470 884 qui
488 791 641 859 vocatu
659 776 868 874 Eleusinia3
895 776 999 877 eujus
1017 779 1227 878 praemium
1245 791 1302 858 est
1320 778 1513 857 hordeum.

671 1008 677 1029 ,
854 937 943 1014 460.

323 1047 404 1140 Τὴν
431 1047 469 1125 δὲ
495 1040 629 1145 ἓορτῆν
657 1040 800 1135 ταύτην
821 1035 961 1145 ἄγουσι
986 1041 1197 1135 Ἀθηναῖοι
1222 1041 1298 1122 nivei
1318 1051 1428 1123 πέντε
1442 1047 1530 1122 ἔτεα
1549 1045 1596 1144 τῇ

217 1183 340 1275 Μητρὶ
360 1181 428 1250 καὶ
447 1172 492 1271 τῇ
514 1169 667 1271 Κούρῃ,
696 1175 765 1244 καὶ
796 1166 929 1244 αὐτῶν
951 1200 991 1244 τε
1018 1161 1039 1245 ὁ
1068 1169 1307 1270 βουλόμενος
1334 1178 1402 1247 καὶ
1422 1171 1503 1248 τῶν
1521 1165 1599 1247 ἄλ-

212 1309 289 1379 λων
311 1296 508 1392 Ἑλλήνων
522 1302 688 1397 μυέεται.
856 1407 935 1481 460
1058 1300 1257 1393 (Herodot.
1276 1301 1382 1399 VIII,
1403 1303 1489 1398 65.)

318 1520 447 1621 Agunt
473 1528 599 1595 antem
627 1516 757 1619 quinto
786 1540 932 1617 quoque
962 1540 1062 1591 anno
1088 1514 1160 1593 hoa
1190 1517 1327 1594 festum
1344 1517 1597 1598 Athenienses

211 1648 337 1729 Cereri
356 1646 466 1724 Matri
482 1656 520 1721 et
537 1642 807 1744 Proserpinae,
836 1653 874 1717 et
901 1641 1068 1742 quisquis
1092 1642 1175 1718 vult
1191 1644 1358 1744 ipsorum
1378 1654 1416 1719 et
1433 1642 1597 1744 reliquo·

213 1801 296 1855 rum
315 1771 564 1866 Graecorum,
591 1769 649 1846 his
667 1769 783 1847 saeris
801 1767 981 1844 initiatur.

857 1929 946 2005 461.

319 2035 496 2138 Πύτριύν
522 2043 600 2113 ιὀτι
628 2045 710 2123 ταῖς
739 2041 848 2121 θεαῖς
876 2029 1061 2132 ύνιερούν
1078 2031 1147 2122 τοὶς
1165 2033 1303 2125 στολάς
1320 2034 1412 2125 τούς
1426 2035 1598 2136 μύστας,

210 2171 255 2244 ἐν
271 2160 333 2254 αἶς
349 2162 509 2260 τύχοιεν
522 2166 746 2261 μυηθέντες.
803 2159 948 2255 (Schol.
958 2161 999 2237 in
1010 2160 1250 2264 aristophan.
1266 2165 1365 2242 Plut
1375 2165 1490 2262 846.)

315 2416 350 2495 A
368 2418 570 2519 majoribus
595 2415 776 2493 traditum
803 2307 949 2510 estissit
966 2413 1121 2512 initiati,
1151 2442 1225 2516 qua
1243 2427 1369 2494 essent
1388 2417 1514 2495 amicti
1533 2442 1594 2494 ve·

210 2555 285 2642 ste,
315 2544 457 2622 deabus
478 2552 751 2621 consecrarent.
857 2648 934 2723 462

304 2754 403 2833 ''Eui
433 2754 591 2860 ζεύγους
615 2751 668 2852 μὴ
703 2748 854 2829 ἀπιέναι
891 2763 1062 2857 γυναῖκα
1095 2749 1366 2845 Ἐλευσίναδε,
1405 2751 1509 2844 ὅπως
1541 2754 1596 2856 μή

211 2881 441 2962 ἐλαττῶνται
461 2883 499 2955 αἱ
520 2877 722 2979 δημοτικαὶ
740 2869 820 2955 ύπύ
840 2878 918 2959 τῶν
936 2884 1141 2960 πλουσίοιν.

643 2990 852 3084 (Plutarch.
872 2991 919 3068 X.
939 3000 1072 3069 orator.
1092 2992 1202 3068 vitae.
1224 2992 1384 3093 Lyetng.
1409 2993 1491 3088 14.)

859 3137 947 3213 462.

319 3243 464 3322 Mulieri
484 3242 590 3320 nefas
610 3253 689 3320 esto
712 3244 753 3320 i'n
770 3243 868 3344 bigis
888 3245 1102 3321 Eleusinem
1120 3243 1195 3339 ire,
1225 3271 1272 3321 ne
1293 3272 1315 3322 a
1334 3245 1512 3323 divitibus
1531 3272 1597 3348 po-

212 3371 361 3472 pulares
379 3370 540 3447 feminae
561 3379 794 3471 superentur.

858 3479 946 3553 463.

322 3578 401 3675 Tria
431 3581 574 3680 δούλην
600 3587 669 3657 καὶ
697 3580 767 3678 τὴν
794 3577 949 3660 ἅπαντα
975 3578 1047 3661 τὸν
1068 3579 1221 3680 χρόνον
1240 3584 1407 3683 αἰσχρῶς
1428 3585 1600 3686 (noim

213 3701 303 3785 ούτε
322 3713 530 3805 παρελθεῖν
558 3707 646 3782 εἴσω
674 3707 746 3783 τού
767 3706 872 3808 ἱεροῦ
902 3707 987 3803 (τῆς
1008 3704 1199 3807 Δήμητρος
1217 3713 1286 3783 καὶ
1306 3708 1372 3800 τῆς
1396 3710 1598 3812 Περσεφό-

214 3843 297 3928 νης)
318 3826 401 3908 οὔτ’
423 3830 521 3907 ἰδεῖν
539 3832 617 3907 τῶν
637 3833 753 3909 ἔνδον
773 3831 913 3922 οὐδέν,
944 3828 1058 3924 ούσης
1085 3834 1149 3925 τῆς
1180 3839 1323 3923 θυσίας
1341 3834 1498 3927 ταύταις
1517 3849 1600 3923 ταῖς

215 3965 332 4046 θεαῖς.
782 3966 930 4056 (isaeus
950 3963 995 4038 de
1016 3962 1234 4041 Philoctem.
1255 3964 1332 4041 her.
1353 3961 1387 4066 §.
1409 3966 1491 4058 50.)

860 4106 949 4184 463.

320 4209 459 4289 Servae
479 4221 516 4288 et
536 4213 588 4308 ei,
618 4238 713 4314 quae
741 4240 809 4315 per·
837 4240 985 4290 omnem
1014 4225 1175 4291 aetatem
1199 4217 1340 4294 infame
1360 4217 1459 4294 vitae
1478 4242 1602 4318 genus

213 4350 340 4414 secuta
358 4349 434 4434 est,
456 4364 502 4416 ne
523 4340 633 4416 liceat
650 4341 749 4417 intra
768 4342 948 4442 templum
968 4342 1199 4418 Eleusinium
1218 4344 1376 4438 intrare,
1395 4370 1516 4446 neque
1538 4371 1601 4421 eo·

212 4492 295 4540 rum
314 4491 408 4566 quae
438 4465 476 4541 in
507 4494 551 4543 eo
579 4478 760 4567 geruntur
780 4468 977 4567 quiequam
1006 4468 1152 4566 videre,
1183 4496 1297 4579 quum
1327 4471 1431 4549 hisee
1457 4469 1603 4547 deabus

212 4582 362 4682 (Cereri
383 4602 419 4667 et
439 4592 705 4694 Proserpinae]
726 4617 872 4668 sacrum
891 4595 943 4668 fit.

323 4834 378 4912 Τύ
402 4831 619 4939 ‘Horisius
638 4846 681 4917 ἐν
700 4833 803 4917 ύοτει
827 4737 951 4918 eiiii.
990 4846 1545 4949 (Demosth.fals.legat.379.]

320 5094 533 5176 Herculana
551 5121 659 5174 saara
676 5098 769 5174 fiant
787 5097 826 5173 in
845 4990 948 5174 aiii.
