3436 5790
585 393 895 444 COMMENTARIUS
916 393 967 441 ,tn
990 390 1067 444 1136.
1091 389 1170 443 1137.

758 598 835 681 Ad
852 599 986 680 use.

283 782 437 860 suidas:
461 774 744 874 ‘Ysomdrtor
772 777 818 854 eoi
848 785 908 854 isi
938 776 1050 878 φόνῳ
1082 777 1264 878 διδόμενα
1288 778 1469 878 χρήματα
1488 790 1568 865 τοῖς

175 905 429 993 er'xss'osc'eori
448 912 731 1000 φονευθέντος,
760 910 825 981 ἵνα
842 901 896 1001 μὴ
926 909 1134 996 auerterat.
1166 909 1354 1000 (Pecunia
1371 935 1466 1007 quae
1485 934 1566 984 cae-

174 1037 234 1113 dis
253 1062 366 1112 causa
385 1033 545 1110 dabatur
564 1060 586 1107 a
607 1031 729 1110 caedis
749 1060 813 1111 reo
842 1034 1065 1136 prepinguis
1094 1033 1281 1127 defuncti,
1311 1061 1358 1111 ne
1379 1060 1463 1110 eum
1482 1061 1565 1136 per-

170 1162 452 1262 sequerentur.)

756 1280 833 1363 Ad
851 1281 985 1363 11³⁷.

282 1464 498 1544 Secundum
516 1465 685 1541 Platonis
705 1464 828 1563 Leges
848 1466 958 1558 (865,
980 1465 1124 1557 u-D)
1152 1466 1182 1541 si
1203 1466 1284 1565 quis
1302 1466 1342 1541 in
1363 1466 1564 1543 certamine

175 1603 212 1668 et
232 1591 390 1694 publicis
411 1591 713 1669 contentionibus
733 1590 871 1666 invitus
882 1590 942 1666 vel
962 1589 1087 1665 statim
1107 1590 1168 1666 vel
1188 1590 1455 1690 posterioribus
1474 1601 1564 1666 tem-

173 1716 326 1818 poribus
346 1743 412 1818 per
431 1717 589 1792 vulnera
606 1716 748 1791 inflicta
766 1714 903 1789 occidit
923 1714 1110 1790 hominem
1130 1715 1306 1807 amicum,
1327 1715 1385 1792 vel
1405 1717 1564 1792 inbelle

173 1840 305 1919 eodem
334 1842 445 1919 modo
474 1841 533 1916 rel
552 1842 591 1917 in
611 1840 852 1916 meditatione
871 1839 981 1933 belli,
1011 1840 1316 1916 exercitationem
1340 1841 1563 1917 instituenti-

171 1967 243 2042 bus
262 1966 561 2066 magistratibus,
589 1965 698 2041 nudis
726 1965 948 2068 corporibus
967 1966 1029 2041 vel
1048 1965 1159 2040 armis
1180 1965 1399 2065 quibusdam
1419 1967 1562 2043 imitan-

170 2091 270 2168 tibus
289 2093 460 2169 bellicam
481 2092 687 2183 actionem,
708 2117 823 2191 purus
842 2101 934 2166 esto.
955 2134 1004 2142 -
1024 2090 1064 2166 Si
1084 2090 1166 2189 quis
1185 2103 1308 2167 autem
1328 2092 1467 2168 invitus
1486 2118 1561 2169 ser-

171 2243 259 2293 vum
279 2216 544 2309 occidit,suum
562 2215 795 2290 interfecisse
815 2225 964 2316 putans,
979 2215 1116 2289 mortni
1136 2214 1327 2290 dominum
1347 2216 1561 2295 indemnem

171 2354 359 2444 praestato
391 2352 429 2416 et
451 2341 621 2442 jacturae
651 2350 865 2439 expertem,
896 2351 960 2415 aut
988 2366 1147 2440 poenam
1177 2367 1245 2440 pro
1274 2341 1409 2417 mortui
1439 2344 1560 2444 pretio

170 2466 324 2571 pendito
342 2464 514 2566 duplam,
546 2464 655 2568 pretii
675 2490 765 2539 vero
778 2463 924 2565 judices
945 2464 1239 2540 aestimationem
1259 2467 1446 2563 faciunt03
1462 2496 1561 2570 pur-

169 2593 384 2693 gationibus
404 2603 528 2666 autem
549 2601 673 2665 utatur
692 2590 897 2692 majoribus
917 2590 1180 2691 pluribusque,
1211 2618 1324 2690 quam
1343 2591 1405 2692 qui
1425 2594 1461 2667 in
1482 2620 1558 2690 cer-

168 2719 368 2793 taminibus
387 2720 673 2810 interfecerunt,
702 2731 811 2819 atque
841 2715 973 2792 harum
999 2716 1192 2791 arbitrium
1211 2718 1259 2791 sit
1278 2742 1394 2818 penes
1413 2695 1558 2820 religio-

167 2871 258 2918 num
276 2845 501 2944 interpretes
522 2843 747 2944 (ἐξηγηταί).
786 2839 852 2916 Sin
872 2867 979 2917 suum
999 2842 1115 2941 ipsius
1134 2866 1283 2917 servum
1303 2843 1442 2922 invitus
1462 2848 1558 2923 occi-

164 2968 240 3063 dit,
260 2979 443 3072 purgatus
461 2968 586 3046 caedis
605 2969 811 3047 absolvitor
831 2995 850 3045 e
869 2968 962 3066 lege.
998 2966 1072 3044 Sed
1091 2967 1121 3042 si
1142 2969 1224 3068 quis
1242 2967 1402 3045 liberum
1421 2971 1559 3047 invitus

167 3092 323 3188 oceidit,
352 3093 638 3195 purgationibus
658 3094 771 3170 utitor
789 3093 922 3169 iisdem
942 3102 1054 3192 atque
1074 3092 1171 3168 servi
1190 3093 1419 3172 interfector.
1486 3117 1488 3121 ·

274 3235 384 3331 (866,
405 3234 564 3332 A-D.)
593 3233 631 3312 Si
661 3236 743 3337 quis
770 3234 856 3312 huic
884 3235 959 3335 legi
988 3234 1120 3311 volens
1145 3236 1382 3337 obsequitur,
1411 3251 1558 3318 mortuo

141 3375 144 3378 ’
166 3361 358 3461 proximus
376 3362 598 3461 cognatione
614 3362 762 3438 veniam
783 3361 816 3436 ei
836 3360 940 3459 dat03
960 3360 1018 3435 sin
1038 3369 1163 3437 autem
1184 3361 1404 3464 obsequium
1424 3359 1557 3469 aliquis

167 3497 313 3561 recusat
332 3498 369 3561 et
387 3489 550 3589 primum
577 3513 662 3564 cum
689 3497 870 3589 purgatus
897 3513 974 3563 non
1003 3487 1069 3581 sit,
1097 3489 1239 3592 templa
1267 3488 1370 3566 adire
1389 3488 1501 3568 audet
1519 3503 1558 3567 et

166 3611 396 3706 sacrificare,
425 3611 560 3689 deinde
589 3623 758 3716 tempora
784 3612 1017 3715 praescripta
1046 3614 1134 3690 exul
1153 3615 1347 3719 complere
1359 3619 1437 3691 non
1456 3616 1557 3710 vult,

165 3746 310 3812 mortuo
330 3740 520 3838 proximus
540 3739 764 3840 cognatione
794 3737 919 3845 caedis
942 3749 1118 3816 accusato
1136 3738 1438 3836 interfectorem,
1467 3727 1554 3819 con·

165 3861 382 3940 demnatum
409 3874 535 3940 autem
563 3863 699 3966 duplae
730 3875 935 3966 sequuntor
952 3889 1098 3966 poenae
1119 3888 1258 3942 omnes.
1298 3863 1337 3941 si
1358 3892 1448 3943 vero
1468 3896 1553 3969 pro-

166 3988 286 4066 ximus
305 3990 455 4090 cognati
473 3988 629 4066 caedem
646 4015 722 4067 non
741 3990 993 4093 persequitur,
1023 3990 1087 4091 qui
1112 3991 1214 4068 volet
1232 3991 1270 4066 in
1283 3991 1469 4094 judicium
1488 4022 1553 4070 vo·

165 4126 289 4192 catum
309 4117 473 4218 quinque
492 4140 612 4193 annos
628 4116 885 4218 patriaoarere
900 4116 1025 4217 cogito
1046 4142 1065 4191 e
1085 4116 1182 4215 lege.
1220 4115 1259 4194 Si
1280 4143 1369 4195 vero
1387 4122 1553 4221 peregri·

164 4241 384 4318 nusinvitus
395 4242 635 4342 peregrinum
645 4240 782 4320 occidit
792 4269 930 4335 eorum,
947 4244 1009 4346 qui
1019 4244 1059 4320 in
1069 4243 1219 4320 civitate
1230 4256 1327 4338 sunt,
1337 4271 1442 4326 reum
1451 4249 1553 4347 agito

163 4366 483 4468 quivoletiisdem
497 4368 654 4467 legibus,
675 4377 711 4445 et
720 4368 751 4444 si
761 4367 964 4470 inquilinus
984 4381 1051 4467 est,
1072 4395 1214 4447 annum
1232 4371 1393 4469 exulato,
1404 4375 1435 4450 si
1445 4403 1550 4478 pror·

162 4520 226 4570 sus
246 4502 302 4567 est
321 4492 565 4594 peregrinus,
589 4508 740 4595 praeter
757 4496 1039 4597 purgationem,
1068 4521 1135 4573 seu
1153 4496 1393 4598 peregrinum
1411 4526 1478 4577 seu
1496 4502 1551 4580 in·

163 4618 343 4719 quilinum
372 4644 439 4696 sen
457 4620 579 4698 civem
597 4619 749 4716 occidit,
777 4647 846 4723 per
872 4631 987 4699 totam
1015 4623 1130 4701 vitam
1147 4623 1301 4723 regione
1320 4635 1477 4704 arcetur.
1511 4625 1552 4714 Si

161 4772 252 4822 vero
271 4744 420 4822 redierit
437 4755 568 4823 contra
585 4746 710 4847 leges,
738 4747 865 4849 legum
884 4749 1058 4828 custodes
1086 4743 1402 4847 (νομοφύλακες)
1430 4765 1550 4832 morte

166 4896 250 4947 eum
278 4871 484 4972 puniunto,
514 4880 550 4947 et
570 4872 600 4948 si
620 4899 716 4975 quae
735 4872 837 4950 bona
855 4873 1036 4981 possidet,
1064 4876 1116 4967 ei,
1137 4875 1200 4977 qui
1220 4877 1342 4956 occiso
1361 4879 1549 4981 proximus

161 5008 217 5073 est
235 4996 462 5097 cognatione
480 4996 667 5076 tradunto.
704 4999 851 5077 Invitus
869 5009 995 5077 autem
1013 5001 1152 5099 redux,
1182 5003 1213 5080 si
1232 5004 1325 5081 mari
1345 5004 1490 5106 ejicitur
1506 5005 1547 5082 in

160 5123 361 5223 regionem,
391 5122 633 5208 tabernaculo
657 5123 706 5210 ad
734 5150 837 5210 mare
864 5125 988 5237 posito
1015 5127 1165 5232 tingens
1194 5129 1311 5244 pedes
1341 5129 1545 5240 navigandi
