3436 5790
503 438 811 494 conusunanros
832 441 884 489 an
904 435 967 498 aas.
986 440 1050 494 su.
1068 438 1132 494 no.
1152 437 1216 495 aaa.
1478 416 1553 495 451

274 630 595 733 Eligebanturque
615 660 635 710 e
655 659 770 712 censu
789 634 888 711 mille
907 635 994 731 viri,
1016 636 1079 736 qui
1100 635 1225 714 omnia
1243 634 1555 715 administrarent.

166 754 485 849 (Heraclides
512 761 647 836 Pont.
674 759 719 835 de
741 760 816 838 reb.
837 759 939 862 publ.
962 763 1024 857 25,
1045 763 1102 854 4.)

758 970 833 1055 Ad
862 973 968 1057 210.

272 1137 407 1217 Pollux
426 1137 530 1236 VIII,
552 1140 625 1216 94:
654 1140 953 1247 Nomophylaces
981 1142 1099 1220 fascia
1127 1142 1213 1220 alba
1241 1149 1489 1235 coronantur,
1520 1151 1555 1216 et

164 1289 340 1365 pompam
362 1267 466 1343 Deae
496 1266 658 1343 mittunt.
696 1265 875 1345 Assident
901 1295 992 1347 vero
1022 1287 1107 1346 curn'
1135 1266 1369 1370 praesidibus
1396 1265 1436 1341 in
1465 1291 1552 1343 con·

119 1454 127 1468 .
163 1389 290 1484 ciana,
310 1391 491 1468 nonnulla
509 1392 697 1491 suffragiis
716 1391 866 1471 decerni
885 1394 1141 1495 prohibentes,
1163 1417 1407 1494 quaeeunque
1426 1390 1551 1467 minus

163 1515 269 1591 utilia
286 1516 435 1593 fuerint.
529 1580 532 1587 .

270 1656 405 1735 Suidas
424 1687 452 1736 s.
464 1687 498 1736 v.
520 1659 556 1733 οἱ
576 1656 869 1757 νομοφύλακεςε
890 1663 964 1756 Qui
976 1661 1112 1740 luerint
1124 1660 1418 1762 nomophylaces
1438 1684 1548 1762 quae·

163 1781 266 1859 ritur.
304 1784 483 1861 Nonnulli
502 1797 680 1888 putarunt
699 1784 849 1864 eosdem
868 1810 950 1864 esse
968 1814 1054 1864 cunr
1072 1786 1340 1864 thesmothetis.
1380 1784 1455 1863 Sed
1474 1813 1550 1861 non

163 1907 215 1982 ita
243 1921 309 1985 est.
355 1911 454 1989 Nam
482 1913 752 1992 thesmothetae
791 1915 914 2017 patrio
946 1915 1018 1992 ritu
1052 1916 1220 1992 coronati
1246 1915 1287 1990 in
1314 1913 1553 2015 Areopagum

164 2033 438 2135 ascendebant;
475 2041 768 2141 nomophylaces
798 2068 888 2118 vero
918 2040 1041 2117 fasciis
1069 2038 1164 2118 albis
1193 2041 1414 2135 utebantur,
1452 2051 1489 2117 et
1515 2041 1553 2117 in

163 2162 384 2257 spectaculis
413 2191 432 2239 e
461 2165 615 2263 regione
653 2192 789 2243 novem
825 2167 1046 2243 archontum
1078 2167 1116 2242 in
1144 2165 1246 2243 sellis
1277 2163 1467 2243 curulibus
1496 2191 1553 2243 se·

165 2280 315 2362 debant.

270 2410 328 2489 cf.
348 2411 486 2490 Lexica
504 2412 655 2513 Seguer.
675 2444 712 2518 p.
733 2417 823 2495 283.

754 2610 830 2693 Ad
860 2612 965 2694 21⁷.

270 2771 401 2848 Cicero
418 2772 464 2850 de
483 2773 596 2875 legib.
618 2772 653 2872 3,
674 2776 745 2852 20:
775 2777 945 2876 „Legum
964 2773 1172 2855 custodiam
1191 2769 1332 2849 nullam
1350 2768 1552 2849 habemus:

162 2898 286 2999 itaque
306 2898 376 2974 hae
396 2899 496 2998 leges
515 2910 622 2996 sunt,
653 2927 744 3000 quas
764 2902 998 3004 apparitores
1028 2899 1143 2975 nostri
1172 2896 1324 2974 volunt:
1352 2923 1375 2973 a
1393 2892 1551 2975 librariis

162 3024 339 3126 petimus:
368 3023 526 3125 publicis
545 3024 661 3103 literis
682 3028 941 3126 consignatam
966 3023 1183 3101 memoriam
1201 3021 1392 3126 publicam
1411 3022 1552 3100 nullam

162 3148 351 3227 habemus.
389 3150 526 3228 Graeci
546 3151 616 3228 hoc
634 3152 868 3255 diligentius,
895 3153 996 3256 apud
1015 3178 1109 3253 quos
1131 3141 1403 3247 νομοφύλακες
1422 3175 1550 3226 crean-

161 3287 240 3352 tur:
268 3303 336 3352 nec
356 3277 521 3379 iisolnm
540 3279 667 3356 literas
697 3283 806 3375 (nam
824 3276 861 3355 id
883 3279 1032 3379 quidem
1051 3291 1088 3354 et
1106 3276 1208 3379 apud
1226 3277 1385 3354 maiores
1404 3285 1551 3352 nostros

163 3404 282 3496 erat),
311 3401 377 3477 sed
407 3403 519 3478 etiam
548 3402 648 3481 facta
667 3404 861 3482 hominum
880 3402 1152 3496 observabant,
1178 3401 1226 3477 ad
1245 3402 1425 3501 legesque
1443 3427 1550 3479 revo-

162 3527 309 3604 cabant.
348 3527 452 3605 Haec
471 3524 580 3605 detur
599 3554 686 3606 cura
704 3529 931 3608 censoribus.

750 3739 827 3824 Ad
856 3741 962 3825 210.

268 3905 402 3985 Pollux
432 3904 535 4004 VIII,
565 3909 614 3983 99
645 3934 729 3985 cum
764 3908 1024 3986 emendatione
1055 3905 1212 3983 Bookhii
1251 3903 1414 4000 (Oecon.
1444 3901 1548 4004 publ.
1605 3985 1607 3990 k

162 4031 296 4113 Athen.
317 4035 345 4110 I.
366 4060 401 4134 p.
422 4033 541 4125 271J:
573 4032 620 4106 Oi
640 4026 680 4104 δὲ
699 4022 868 4107 εὔθυνον
893 4024 991 4123 ἦσαν
1011 4026 1105 4106 δέκα
1123 4030 1336 4129 κληρωτοὶ,
1366 4032 1433 4102 καὶ
1453 4025 1548 4102 τού-

161 4185 237 4232 των
256 4153 444 4256 πάρεδροι.
485 4161 710 4253 (Exactores
737 4170 844 4238 erant
872 4159 999 4239 decern
1027 4171 1127 4236 sorte
1156 4159 1243 4234 lecti
1273 4167 1310 4232 et
1337 4156 1470 4234 horum
1491 4183 1548 4232 as-

161 4287 357 4377 sessores.)

268 4411 325 4488 Of.
345 4410 468 4490 Schol.
488 4413 527 4488 in
546 4412 692 4490 Platon.
713 4439 750 4514 p.
771 4411 860 4489 459.
879 4410 936 4490 ed.
957 4410 1116 4488 Bekker.

747 4640 824 4725 Ad
843 4642 960 4726 222.

267 4807 351 4884 Ηοο
380 4807 473 4885 forte
501 4807 629 4885 seriori
657 4817 780 4885 aetate
808 4808 980 4907 valebat3
1008 4832 1095 4883 nam
1125 4808 1165 4881 in
1185 4803 1447 4883 Demosthenis
1467 4828 1547 4877 ora·

159 4934 259 5009 tione
281 4961 348 5035 pro
368 4933 516 5008 Corona
536 4938 592 5034 (p.
613 4934 712 5027 235)
741 4933 830 5010 dicit
855 4933 1066 5010 decretum:
1095 4924 1187 5015 τούς
1199 4932 1548 5031 χειροτονηθέντας

160 5061 371 5158 (πρέσβεις)
391 5051 603 5154 ἀποδημεῖν
617 5051 811 5155 μηδεμίαν
829 5047 1055 5157 ὑπερβολήν
1079 5059 1342 5154 ποιουμένους.
1384 5053 1549 5148 (Delecti

159 5184 273 5286 legati
292 5187 574 5285 proficiscantur
591 5187 695 5265 nulla
712 5212 819 5267 mora
836 5186 1089 5289 interposita.)
1166 5250 1168 5255 .

1271 5306 1337 5372 29*
