3436 5790
522 378 831 437 manserimus
850 383 902 433 ιι)
924 378 1004 438 nse
1024 376 1105 440 orn
1119 380 1207 442 nra.
1476 365 1563 440 50⁶²

165 579 257 662 λως,
288 571 424 648 acriori
447 571 714 672 παραβήσομαι
744 568 981 668 emble!
1001 574 1159 672 μηχανῇ
1181 572 1355 676 οὐδεμιᾷ.
1394 580 1553 673 (durent

165 713 286 778 autem
307 702 342 776 id
363 701 791 803 quiqueljusJ'urandum,
813 702 914 800 quod
932 704 1251 806 moribuspatriia.
1264 707 1466 787 maximum
1486 717 1552 799 est,

164 855 276 929 super
296 829 479 927 perfectas
498 827 649 902 hostias.
688 826 957 925 Jusjurandum
979 842 1102 903 autem
1123 830 1195 904 hoc
1215 843 1314 906 esto:
1346 831 1552 925 „Perstabo

163 954 202 1027 in
222 955 399 1030 societate
420 981 439 1028 e
459 954 578 1053 pactis
598 936 984 1052 conveniiiljlsle-lt
1004 953 1163 1030 innocue
1184 967 1222 1032 et
1240 957 1320 1033 sine
1340 955 1450 1048 dolo;
1481 980 1550 1030 nec
1666 952 1668 959 '

165 1080 343 1157 camolla
361 1079 421 1154 vel
441 1077 591 1154 fallacia
610 1078 669 1153 vel
688 1076 963 1154 machinatione
982 1077 1193 1170 violabo.“)

273 1203 511 1282 Andocid.
550 1203 606 1278 de
631 1226 773 1305 pace.
812 1197 845 1302 ξ.
879 1202 947 1277 ll:
978 1203 1058 1280 Pax
1096 1198 1341 1298 (siphnioet
1378 1202 1565 1282 induciae.

165 1324 370 1421 (σπονδαί)
397 1328 553 1404 multum
581 1329 748 1405 interae
774 1328 962 1405 differunt
1002 1329 1138 1407 Pacem
1166 1328 1266 1407 enim
1291 1330 1441 1420 ineunt,
1469 1317 1573 1433 qui(

163 1454 337 1554 aequales
357 1454 499 1530 viribus
519 1463 556 1529 et
573 1454 776 1552 dignitate,
797 1453 844 1529 de
863 1455 984 1532 causis
1004 1453 1270 1533 discordiarum
1288 1479 1438 1533 suarum
1457 1456 1554 1531 inter

165 1605 205 1654 se
226 1590 332 1679 prout
353 1578 571 1654 convenerit
598 1577 856 1679 paciscuntur3
884 1577 1053 1655 inducias
1071 1592 1194 1658 autem
1215 1579 1377 1658 victores
1396 1581 1435 1657 in
1454 1581 1564 1668 bello,

164 1704 252 1780 facti
273 1704 380 1781 vietis
400 1730 468 1804 pro
488 1702 669 1780 arbitratu
688 1728 755 1779 suo
774 1703 973 1804 imperant

272 1829 354 1906 Hoc
374 1829 574 1905 discrimen
594 1828 731 1907 falsum
751 1855 852 1917 esse,
881 1829 993 1906 multi·
1008 1830 1079 1907 loci
1100 1830 1312 1908 ostendunt.
1351 1829 1446 1909 Vide
1467 1857 1499 1908 e.
1521 1858 1552 1908 c.

164 1954 384 2053 Thucde,
396 1955 458 2045 47,
470 1955 533 2029 ubi
545 1947 710 2026 σπονδαὶ
721 1965 921 2031 occurrunt
931 1953 976 2030 de
988 1953 1268 2031 Atheniensium
1280 1967 1317 2033 et
1328 1955 1554 2054 Argivorum

164 2079 324 2171 foedere,
345 2080 479 2178 quibua
497 2078 638 2154 bellum
657 2080 755 2155 inter·
773 2104 813 2154 se
833 2079 975 2154 nullum
997 2080 1136 2168 fuerat,
1157 2090 1194 2155 et
1210 2077 1387 2182 Xenoph.
1407 2081 1553 2164 Hellen.

164 2207 211 2294 Π,
231 2206 269 2296 2,
288 2206 359 2290 20,
389 2205 452 2281 ubi
482 2199 610 2298 εἰρήνη
638 2204 774 2281 dicitur
801 2231 875 2305 pax
894 2203 1191 2283 Atheniensibus
1218 2205 1378 2285 devictis
1397 2234 1420 2283 a
1436 2208 1552 2285 Lace·

164 2331 371 2408 daemoniis
389 2331 572 2431 imposita.
613 2330 660 2406 ut
679 2330 770 2406 talia
796 2341 975 2407 sexcenta
1002 2329 1109 2406 facile
1129 2331 1253 2408 afferri
1273 2344 1440 2432 possunt
1479 2332 1553 2409 Ve-

164 2483 245 2533 rum
266 2455 463 2532 discrimen
491 2453 561 2531 hoc
590 2465 664 2542 est,
695 2466 736 2528 ut
762 2447 928 2527 σπονδαὶ
954 2453 1000 2530 de
1021 2455 1154 2553 quovis
1173 2455 1344 2551 foedere,
1373 2459 1485 2537 etiam
1504 2458 1564 2533 de-

163 2606 367 2684 paucorum
386 2580 531 2656 dierum
551 2579 728 2670 induciis,
758 2573 887 2671 εἰρήνη
906 2591 1030 2660 autem
1051 2580 1097 2655 de
1118 2605 1211 2680 pace
1230 2581 1269 2657 in
1289 2583 1440 2682 longius
1460 2595 1552 2661 tem-

164 2734 236 2809 pus
255 2707 354 2783 facta
374 2706 529 2781 dicatur.
557 2703 905 2797 (Schoemaum
935 2705 1185 2806 Antiquitates
1199 2705 1293 2806 juris
1312 2706 1412 2809 publ.
1433 2707 1564 2787 Grae,

163 2859 238 2911 cor.
258 2860 293 2932 p.
315 2830 425 2921 373.)
720 2888 723 2893 .

235 2974 242 2985 ’
740 2949 817 3035 Ad
834 2952 978 3036 12³⁷.

272 3119 396 3196 Schol.
416 3120 465 3195 ad
484 3119 723 3195 Demosthcn.
745 3119 892 3220 Leptin.
913 3118 1002 3209 475,
1024 3121 1068 3193 h:
1099 3113 1292 3214 Πρόξενοι
1317 3120 1497 3219 λέγονιαι
1517 3118 1553 3192 ol

164 3249 208 3318 ἐν
225 3252 307 3329 τοῖς
324 3233 445 3340 ὁρίοις
472 3239 562 3329 τούς
589 3239 871 3337 ἐπιδημοῦντας
898 3237 1123 3338 δεχόμενοι,
1153 3246 1263 3336 φίλοι
1293 3240 1555 3345 τυγχάνοντος

164 3396 233 3443 και
263 3367 378 3464 ’κοινῃ
408 3371 475 3441 καὶ
506 3363 599 3464 ι’δὶᾳ.
643 3369 931 3462 (Procuratores
959 3368 1164 3469 hospitales
1193 3371 1385 3464 dicuntur,
1424 3371 1555 3471 quiin

165 3498 302 3575 finibus
322 3497 474 3572 venient
476 3520 514 3570 es
533 3495 699 3595 hospites
725 3494 936 3594 excipiunt,
966 3514 1079 3593 quum
1107 3495 1215 3571 amici
1235 3497 1309 3571 sint
1328 3520 1458 3572 eorum
1477 3508 1554 3572 tarn

166 3622 313 3743 publice
334 3646 445 3721 quam
465 3620 672 3719 privatim.)

243 3738 426 3822 'fSchol
416 3773 453 3820 in
477 3740 736 3845 Aristophanis
755 3768 845 3819 aves
868 3743 991 3817 lobia
1021 3738 1216 3839 τΠρόξινοι
1245 3745 1344 3817 εἰσιν
1363 3745 1399 3816 οὶ
1418 3768 1563 3846 serry-⁴

164 3879 273 3967 μένοι
295 3874 346 3955 εἰς
366 3898 411 3943 το
400 3859 692 3962 ὑποδέχεσθαι
722 3862 813 3953 τούς
841 3872 972 3958 ξένους
1000 3873 1038 3957 ἐξ
1059 3860 1189 3941 ἄλλων
1209 3862 1398 3943 asilaus⁰
1375 3890 1564 3955 uxoreae:

165 3995 450 4093 (Procuratores
470 3995 671 4097 hospitales
699 3996 977 4072 constituuntur
996 3996 1043 4072 ad
1065 3993 1305 4097 excipiendos
1325 3994 1489 4151 hospites
1509 4023 1555 4074 ex

165 4126 246 4202 aliis
266 4123 479 4200 ciuitatibus
498 4121 772 4213 aduenientes.)
864 4156 869 4165 ·

737 4288 813 4394 ιιι
831 4313 975 4395 mss.
1118 4260 1121 4279 ³

275 4483 372 4557 Ere
402 4480 580 4580 singulari
611 4480 680 4556 feci
710 4452 943 4580 gerlcldlelni.¹
935 4458 981 4515 5
974 4477 1088 4579 Apud
1124 4477 1418 4555 Demosthenem
1456 4478 1555 4553 enim

164 4609 287 4711 agitur
306 4607 351 4682 de
373 4633 557 4707 proxeno
554 4605 889 4682 Heracleotarum:
914 4596 1015 4704 Ἐγω
1047 4599 1256 4699 προξενῶν.
1270 4599 1454 4705 ’τυγχάνω
1478 4601 1557 4676 τῶν

154 4723 531 4828 famame„
554 4735 634 4818 ,ἐξ
653 4724 842 4834 ἀνάγκης
838 4730 969 4825 pol
951 4753 1055 4804 εστιν
1071 4718 1276 4807 ἁπάντων
1271 4717 1563 4825 Ἦρακλιοτῶιι

168 4862 439 5023 εἰιιμιλιιῖοθαι.

273 4985 330 5062 cf
350 4985 440 5059 Μ
400 5011 529 5060 eser:
545 4986 609 5060 De'
635 4983 870 5085 proreula
836 5009 920 5059 sive
941 4984 985 5061 de
1006 4918 1175 5087 publico
1169 4983 1411 5063 Graecorum
1428 4982 1561 5083 hospi«

165 5114 226 5190 tio
255 5111 379 5220 (Halis
403 5110 535 5206 1843)
