3404 5782
171 357 223 429 VI

171 562 264 653 sino
292 564 447 679 quibus
474 562 706 653 sdmodm
742 588 896 650 menos
932 561 1040 648 foret
1075 570 1221 651 nostre
1252 563 1362 676 juo
1394 559 1549 652 Gtseci

174 707 374 823 cognitio.

276 849 345 937 Ex
366 850 432 937 his
454 851 550 960 jem
575 851 678 937 satis
700 850 857 953 elucet,
880 851 990 962 juris
1023 847 1177 937 Graeci
1206 850 1445 937 doctrinam
1472 879 1549 965 per

173 1002 237 1079 tot
255 1001 456 1105 testeque
486 994 778 1105 duodeviginti
806 993 894 1077 fere
925 994 1162 1087 seculorum
1193 993 1282 1079 fote
1307 1000 1551 1081 constanter

98 1206 107 1223 .
171 1136 226 1222 ab
247 1138 352 1250 ipsis
374 1133 548 1220 Graecis
570 1143 782 1221 servatam
802 1135 943 1222 firisse.

275 1280 379 1366 Post
397 1286 566 1365 renatas
588 1278 731 1364 literas
751 1281 912 1392 primus
933 1279 1014 1365 init
1043 1279 1395 1394 Perdulphus
1424 1279 1548 1365 Prs-

172 1422 337 1527 leius,
367 1422 440 1537 qui
471 1421 721 1536 colligendis
742 1422 950 1508 veteribus
971 1420 1137 1536 legibus
1158 1449 1332 1536 operum
1353 1422 1470 1509 dedit
1485 1416 1547 1529 ⁸⁷).

276 1563 502 1650 Henrici
534 1561 802 1677 Stephani
834 1575 876 1650 et
905 1564 1137 1678 ‹losephi
1162 1562 1549 1680 Scaligericol·

173 1708 372 1795 lectiones
398 1709 543 1822 legum
572 1706 809 1794 Atticarum
838 1710 979 1794 lucem
1008 1736 1227 1821 nunquam
1255 1708 1548 1822 adspexerunt

277 1849 306 1935 J
318 1877 526 1935 cannes
548 1849 820 1937 Meursius
841 1852 1063 1964 pleresque
1083 1851 1293 1938 Draconis
1314 1859 1356 1937 et
1381 1848 1548 1937 Solonis

170 1994 288 2107 leges
309 1993 476 2079 duobus
506 1993 786 2079 Themidis
816 1995 1038 2079 Atticae
1069 1993 1186 2079 libris
1208 1994 1547 2106 comprehendit,

169 2138 215 2220 in
236 2134 452 2224 Thesauro
473 2135 784 2251 Antiquitatum
805 2135 1067 2223 Graecarum
1094 2167 1120 2222 a
1141 2137 1309 2225 Jacobo
1332 2134 1547 2223 Gronovio

171 2279 305 2369 editis.

277 2422 404 2509 Hunc
423 2426 552 2539 longe
574 2426 790 2537 superavit
810 2421 1025 2509 Samuel
1053 2423 1287 2528 Petitus,
1318 2418 1547 2507 MDXOIV

171 2562 522 2673 -MDOXLIH,
546 2569 616 2681 qui
637 2568 755 2680 leges
777 2566 939 2651 Atticas
963 2566 1155 2678 collegit,
1178 2567 1356 2680 digessit
1377 2575 1420 2650 et
1439 2565 1547 2651 libro
1635 2622 1646 2639 ·

172 2713 474 2797 commentario
506 2711 747 2812 illustravit,
784 2736 960 2822 quorum
990 2709 1182 2793 ultimam
1213 2709 1441 2794 editionem
1473 2738 1546 2794 cu·

171 2854 280 2939 revit
293 2853 442 2938 Petrus
455 2852 764 2966 Wesselingius
779 2850 979 2963 Lugduni
994 2850 1253 2936 Batavorum
1270 2847 1545 2936 MDOOXLI.

276 2998 505 3081 Antonii
526 2995 723 3107 Thysii
750 2990 930 3080 Oollatio
951 2993 1119 3108 Legum
1138 2993 1376 3079 Atticarum
1396 2993 1546 3080 etRo-

108 3178 115 3191 =
172 3166 391 3225 menarum
414 3142 476 3246 ³⁸),
499 3166 675 3252 quarum
695 3166 899 3251 magnam
920 3148 1085 3252 partem
1106 3166 1130 3223 e
1151 3136 1287 3221 Petito
1309 3136 1545 3249 descripsit,

172 3284 413 3398 systematis
432 3284 534 3367 vitio
554 3281 729 3368 loborat

278 3426 375 3541 Ipse
406 3426 639 3528 Petitus,
677 3453 774 3508 cum
804 3424 908 3508 crdo
930 3425 1073 3539 legum
1097 3421 1265 3510 Solonis
1285 3423 1456 3535 ignotus
1478 3450 1546 3507 es·

163 3579 256 3675 set,
289 3569 554 3681 imperatoris
583 3568 812 3654 Justiniani
851 3569 1030 3682 vestigia
1070 3569 1115 3653 in
1146 3565 1379 3681 digerendo
1416 3565 1548 3650 veteri

164 3716 261 3827 jure
283 3723 324 3799 et
341 3715 637 3827 componendo
656 3714 769 3799 novo
789 3713 936 3797 codice
952 3714 1124 3825 pressit,
1145 3723 1365 3825 tamquam
1377 3713 1451 3823 jus
1467 3709 1546 3793 Ae

172 3858 304 3943 ticum
324 3859 494 3944 nonnisi
516 3856 682 3943 Solonis
711 3858 828 3969 leges
855 3856 1217 3968 complecteretur.
1259 3854 1351 3941 Nec
1373 3852 1545 3939 videbat

173 4000 237 4085 vir
258 4001 546 4104 doctissimus,
579 4001 818 4113 hujusmodi
848 4001 1039 4086 ordinem
1065 4028 1089 4083 e
1110 4028 1221 4084 novo
1235 4001 1332 4110 jure
1352 3996 1545 4083 Romano

173 4144 351 4254 potitum
363 4145 472 4251 juris
493 4143 623 4230 Attici
643 4151 818 4227 netnree
839 4144 955 4228 haud
976 4169 1067 4227 esse
1088 4140 1425 4227 accomodatum.

279 4285 444 4372 Deinde
472 4287 575 4371 satis
604 4293 772 4373 constet
800 4285 1005 4371 editiones
1026 4293 1244 4369 auctorum
1266 4280 1545 4389 Graecorum,

174 4428 326 4543 quibus
348 4430 474 4515 hodie
495 4430 661 4532 utimur,
685 4428 837 4513 mirum
859 4435 1062 4540 quantum
1084 4427 1247 4513 differre
1269 4426 1430 4533 abillis,
1453 4431 1546 4545 qui·

175 4570 254 4656 bus
275 4571 455 4658 Petito
478 4574 537 4657 uti
560 4599 809 4658 conoessum
837 4579 946 4673 erat,
980 4571 1093 4683 quod
1124 4569 1287 4656 eximiis
1309 4573 1409 4658 ertis
1432 4572 1546 4657 criti-

176 4742 252 4801 cae
271 4716 563 4829 progressibus
586 4715 800 4802 debemus

282 4921 340 5011 87)
362 4920 626 5009 iurisprudentls
639 4930 753 5008 vetus,
775 4923 845 4990 sive
869 4922 1030 4990 Draconis
1055 4931 1089 4989 et
1111 4921 1236 4990 Solonis
1260 4944 1322 4989 nec
1338 4944 1403 4988 non
1419 4922 1546 4995 Romuli

175 5052 216 5098 sc
230 5028 307 5098 ΧΠ.
323 5027 505 5098 tabularum
520 5030 609 5118 leges
625 5029 778 5098 collectos
792 5033 1094 5120 interpretemque
1114 5029 1265 5118 Lugduni
1282 5028 1440 5101 MDLIX.

281 5138 339 5231 88)
360 5138 506 5210 venetiis
520 5136 786 5210 nuocxxxss
799 5141 834 5208 iu
848 5138 964 5211 iacobi
978 5139 1133 5210 Gronovii
1147 5138 1323 5211 Thesauro.
