3436 5790
463 484 772 535 remuneramus
791 483 844 532 ao
865 478 925 531 777.
947 482 1008 532 775.
1029 481 1094 533 777.
1114 482 1176 533 777.
1198 478 1261 532 777.
1483 453 1563 532 517

756 685 832 769 Ad
856 687 971 770 m.

275 852 388 954 Apud
408 855 597 930 Romanos
617 855 656 928 in
676 853 761 930 XII.
783 852 919 928 tabulis
938 851 990 927 ita
1014 853 1192 953 scriptum
1223 860 1320 927 erat:
1353 859 1463 946 „unte
1483 874 1558 924 me·

167 979 297 1055 ridiem
327 1005 476 1054 causam
505 979 718 1067 coniciunt,
748 1005 833 1055 cum
858 992 1037 1080 perorant
1065 980 1177 1055 ambo
1206 987 1429 1076 praesentes.
1468 974 1559 1048 Post

167 1103 357 1179 meridiem
376 1104 562 1203 praesenti
583 1103 685 1179 litem
705 1098 877 1178 addicito.
915 1100 954 1177 Si
974 1103 1083 1177 ambo
1111 1113 1345 1203 praesentes,
1375 1099 1430 1174 sol
1450 1123 1555 1172 oooa·

168 1253 236 1359 sus
242 1221 415 1330 suprema
426 1239 628 1329 tempestas
643 1230 761 1305 esto.‘⁴
783 1226 1004 1322 (Gellius
1024 1228 1156 1305 Noct.
1178 1223 1270 1301 Att.
1292 1222 1460 1317 XVII,2,
1476 1223 1557 1314 10.)

246 1356 249 1362 ¹
273 1370 398 1449 Trinis
417 1372 549 1449 litteris
568 1371 628 1450 rel
647 1373 797 1466 edictis,
821 1382 886 1448 aut
904 1380 1068 1474 uno'pro
1088 1371 1260 1447 omnibus
1280 1369 1389 1461 dato,
1409 1377 1473 1443 aut
1494 1366 1557 1442 tri-

166 1523 216 1573 na
234 1494 514 1575 denuntiatione
535 1511 744 1575 conventus
763 1497 833 1573 nisi
853 1497 900 1573 ad
915 1496 1100 1598 judicem,
1126 1495 1173 1572 ad
1194 1520 1305 1595 quem
1323 1493 1393 1570 sibi
1413 1492 1557 1570 denun-

165 1623 296 1700 tiatum
325 1633 399 1717 est,
429 1634 495 1700 aut
523 1623 627 1723 cujus
656 1624 788 1701 litteris
816 1625 876 1701 vel
904 1623 1024 1721 edicto
1053 1632 1259 1699 conventus
1288 1628 1360 1713 est,
1391 1616 1557 1713 venerit,

167 1748 271 1849 quasi
290 1749 327 1824 in
348 1758 601 1825 contumacem
622 1749 720 1827 dicta
737 1750 922 1825 sententia
950 1747 1209 1825 auctoritatem
1233 1771 1359 1822 rerum
1372 1744 1557 1847 judicata·

167 1900 249 1951 rum
268 1872 435 1950 obtinet:
455 1875 545 1974 quin
564 1875 639 1951 imo
660 1900 729 1953 neo
749 1870 925 1978 appellari
946 1883 1071 1976 potest
1089 1872 1137 1950 ab
1158 1897 1213 1949 ea.
1242 1871 1293 1967 (J
1301 1871 1393 1947 ulii
1414 1868 1557 1946 Pauli

167 2000 297 2080 Sent.
318 1999 364 2097 V,
387 2003 422 2097 5,
444 2002 501 2094 7.)

755 2119 832 2203 Ad
853 2118 968 2204 ⁷⁷5.

273 2288 378 2364 Haec
397 2290 591 2389 composui
610 2313 630 2362 e
648 2287 912 2365 Demosthenis
939 2286 1083 2363 verbis:
1103 2275 1291 2355 ’Ἑπιισαν
1320 2277 1411 2367 τούς
1440 2278 1556 2354 δικα-

166 2407 256 2497 στάς
278 2415 523 2511 ψηφίσασθαι
545 2408 607 2499 τῆς
628 2407 736 2501 δίκης
754 2417 855 2486 ἕνεκ’
876 2406 1029 2484 ἀπεῖναι
1049 2412 1206 2482 τουτονί
1226 2411 1295 2481 καί
1308 2402 1356 2480 οὐ
1378 2405 1554 2504 δημοσίᾳ.

171 2541 448 2635 Ψηφισαμένων
468 2535 505 2610 δὲ
526 2534 648 2611 ταῦτα
667 2537 744 2611 τῶν
762 2532 957 2610 δικαστῶν
975 2532 1182 2638 διέγραψεν
1210 2523 1231 2608 d
1261 2524 1395 2631 ἅρχων
1424 2525 1555 2605 κατὰ

165 2658 253 2736 τὸν
282 2659 444 2759 νόμον
470 2659 543 2753 τήν
571 2672 736 2737 τουτουί
759 2656 1052 2760 ἀμφισβήτησιν.
1102 2663 1398 2756 (Persuaserunt
1422 2658 1554 2760 judici·
1592 2689 1595 2695 ·

130 2829 132 2833 ·
164 2789 254 2883 bus,
275 2802 315 2865 ut
334 2790 597 2883 decernerent,
620 2790 751 2892 judicii
772 2816 884 2865 causa
903 2770 1035 2880 abesse
1055 2789 1186 2882 istum,
1216 2815 1293 2863 non
1312 2785 1464 2887 publico
1482 2811 1556 2859 no-

164 2917 275 2991 mine.
312 2915 422 3008 Quod
443 2942 555 3015 quum
569 2914 715 3018 judices
734 2915 1008 3008 decrevissent,
1033 2912 1175 2990 archon
1202 2906 1306 2989 istius
1335 2910 1554 3014 postidatio·

164 3050 255 3116 nem'
280 3067 300 3116 e
328 3041 439 3138 lege
468 3040 648 3118 abolitam
667 3039 850 3143 scripsit)

747 3266 828 3351 M
849 3269 964 3351 7⁷0.

271 3433 330 3511 (ll.
351 3433 475 3511 Soliol.
495 3436 533 3509 in
545 3433 1004 3528 117777ο7117111711777542,
1017 3435 1077 3510 12.
1097 3434 1235 3510 Lexioa
1246 3433 1398 3528 Seguer.
1409 3459 1446 3532 p.
1462 3431 1548 3508 199.
1612 3531 1614 3534 Α

164 3543 321 3641 Gregor.
343 3541 510 3619 Corinth.
530 3542 578 3619 ad
598 3543 828 3640 Hermogen.
848 3542 1011 3618 method
1031 3543 1220 3642 eloquent.
1241 3540 1357 3616 1120.
1376 3566 1413 3624 c.⁴
1427 3540 1474 3617 11.

750 3768 827 3853 Ad
847 3771 962 3854 777.

269 3937 326 4012 cf.
348 3935 469 4012 suu.
489 3938 528 4011 in
547 3935 740 4014 nemeen.
761 3936 910 4015 777....
932 3937 1020 4030 sia,
1045 3938 1103 4012 13.
1135 3935 1256 4011 riou
1277 3935 1383 4011 reno.
1404 3962 1439 4034 p.
1461 3874 1576 4007 aar..

162 4060 301 4139 Lexica
319 4061 474 4160 Seguer.
493 4090 528 4163 p.
549 4062 637 4138 278.
666 4093 672 4125 =

755 4164 832 4249 Ad
857 4167 973 4250 78³.

268 4331 441 4411 Aeschin.
462 4361 491 4411 c.
511 4332 698 4410 Timarch.
719 4328 752 4434 ξ.
774 4331 845 4408 917
875 4330 963 4405 Τῶν
981 4328 1217 4406 λωποδυτῶν
1237 4325 1260 4421 ἢ
1278 4329 1357 4404 τῶν
1374 4328 1551 4405 κλεπτῶν

160 4448 185 4545 ἢ
204 4454 282 4531 τῶν
295 4456 452 4554 μοιχῶν
471 4452 493 4547 ἢ
511 4455 590 4532 τῶν
608 4450 866 4554 ἀνδροφόνων
897 4449 920 4547 ἢ
946 4455 1024 4532 τῶν
1051 4453 1099 4531 τοὶ
1120 4461 1281 4560 μέγιστα
1301 4453 1550 4531 ἀδικούντων

160 4582 294 4679 οἱμὲν
321 4589 387 4658 ἐπ’
426 4575 706 4689 αὐτοφώρῳ
735 4573 911 4671 ἁλόντες,
948 4579 1019 4658 ἐὰν
1042 4586 1118 4680 μὲν
1145 4575 1387 4686 ὁμολογῶσι,
1424 4574 1549 4680 παρο-

156 4705 289 4805 χρῆμα
311 4705 472 4806 θανάτῳ
493 4706 741 4805 ζημιοῦνται,
762 4709 799 4782 οί
819 4705 857 4783 δὲ
875 4705 1063 4796 λαθόντες
1082 4714 1150 4784 καί
1173 4711 1325 4811 ἔξαρνοι
1345 4708 1548 4814 γενόμενοι

159 4836 361 4931 κρίνονται
383 4840 427 4909 ἐν
443 4843 524 4920 τοῖς
543 4828 812 4931 δικαστηρίοις.
851 4833 1094 4933 (Grassator,
1123 4849 1188 4915 aut
1207 4840 1288 4934 fur,
1308 4852 1373 4914 aut
1391 4819 1546 4928 adulter,

159 4972 226 5037 aut
244 4958 449 5055 homicida,
480 4974 544 5038 aut
571 4956 873 5061 gravissimorum
902 4960 1083 5038 scelerum
1111 4977 1279 5065 patrator
1296 4965 1335 5039 in
1354 4965 1435 5065 ipso
1456 4964 1547 5040 faci-

159 5111 251 5161 nore
272 5086 515 5188 deprehensi,
540 5087 570 5162 ei
590 5086 794 5181 fateantur,
814 5087 938 5163 statim
956 5088 1196 5186 occiduntur;
1224 5090 1286 5190 qui
1306 5090 1429 5165 autem
1449 5089 1544 5165 clam

159 5211 328 5290 ieoenmt
347 5226 384 5289 et
401 5214 602 5291 inficiando
622 5223 729 5310 sunt,
747 5215 786 5290 in
794 5270 797 5277 .
799 5214 983 5319 judicium
1000 5214 1269 5306 adducuntur.)
