3436 5790
722 381 864 434 rssrus.
951 347 955 354 ’
1404 357 1479 431 169

208 576 407 649 Σκεπτέον
426 570 464 647 δὲ
484 574 552 646 καὶ
571 575 608 646 εἰ
624 573 737 665 φίλος
762 571 867 645 ἐστίν
894 561 915 645 ά
940 568 1085 672 μάρτυς
1114 559 1146 671 ᾧ
1166 581 1350 670 μαρτυρεῖ
1357 628 1368 661 ,
1400 566 1423 662 ἢ
1443 575 1481 647 εἰ

101 703 274 798 μέτεστιν
300 694 408 796 αὐτῷ
437 703 563 772 ποθεν
591 692 662 770 τοῦ
691 688 934 798 πράγματος,
966 690 1149 796 ἢέχδρός
1167 702 1270 800 ἐστιν
1288 683 1338 772 οὗ
1356 725 1480 771 κατα-

105 834 284 924 μαρτυρεῖ
291 881 303 914 ,
334 817 505 914 ἢπένης·
531 818 682 897 τούτων
705 815 781 925 γάρ
810 823 936 920 οἱμὲν
963 810 1028 896 διά
1050 820 1194 922 χάριν,
1223 823 1260 896 οἱ
1280 818 1319 897 δὲ
1338 818 1401 896 διά
1419 852 1480 897 τι-

101 955 271 1051 μωρίαν,
301 950 338 1024 οἱ
357 945 396 1025 δὲ
416 943 479 1022 διά
499 946 633 1049 κέρδος
651 939 933 1025 άαοπτέυονται
951 943 998 1022 τά
1018 946 1139 1048 ψευδῆ
1153 957 1372 1046 μαρτυρεῖν.

734 1076 975 1172 (Anaximen.
994 1074 1130 1156 rhetor.
1152 1076 1213 1172 15,
1233 1075 1372 1170 2-3.)

748 1237 838 1313 686.

208 1383 367 1480 Quando
385 1395 580 1487 suspectus
608 1382 720 1462 fuerit
746 1381 871 1477 testis,
901 1378 1153 1458 demonstrare
1182 1392 1349 1482 oportet,
1377 1379 1477 1481 quod

105 1538 223 1614 neque
243 1522 284 1587 ut
301 1509 459 1608 gratiam
478 1511 598 1603 ineat,
629 1533 748 1609 neque
776 1529 923 1608 poenae
950 1517 1015 1582 aut
1041 1504 1134 1583 luori
1158 1529 1271 1582 oausa
1287 1503 1482 1582 mendonis

106 1639 161 1715 vir
178 1638 262 1714 tulis
280 1635 544 1712 testificaturus
563 1634 620 1710 sit.

207 1759 530 1840 Considerandum
558 1761 692 1854 etiam,
722 1782 772 1834 an
800 1758 905 1834 testis
934 1758 989 1854 ei,
1018 1758 1077 1834 oui
1097 1757 1351 1834 testimonium
1368 1756 1478 1852 dioit,

104 1890 242 1965 amious
260 1886 329 1980 sit,
348 1896 413 1962 aut
431 1911 479 1963 an
498 1887 552 1962 rei
571 1884 721 1962 aliunde
739 1885 787 1961 sit
806 1885 1013 1990 particeps,
1042 1892 1106 1961 aut
1125 1883 1295 1960 inimicus
1313 1885 1362 1960 sit
1379 1885 1479 1984 ejus,

103 2024 231 2090 eontra
257 2037 369 2112 quem
396 2011 635 2106 testificatur,
664 2021 728 2088 aut
757 2036 920 2113 pauper:
949 2010 1082 2088 horum
1110 2010 1210 2085 enim
1237 2009 1300 2084 alii
1328 2020 1482 2109 propter

104 2139 278 2237 gratiam,
305 2135 369 2213 alii
387 2135 436 2211 ob
455 2160 599 2236 poenae
618 2144 778 2230 metum,
807 2134 869 2212 alii
898 2135 990 2212 luori
1018 2160 1132 2212 eausa
1159 2132 1407 2236 suspioionem
1426 2133 1481 2210 in·

103 2272 253 2341 currunt
271 2260 461 2340 mendacis
481 2260 693 2338 testimonii.
752 2366 829 2442 686

204 2509 422 2611 ’Λνάμοται
443 2512 480 2585 oi
494 2506 681 2611 μάρτυρες
696 2504 751 2606 μὴ
771 2511 1196 2608 καταμαρτυρείτωσαν.

629 2635 857 2742 (Antiphon.
876 2637 923 2715 de
943 2637 1057 2717 oaede
1076 2635 1213 2715 Herod.
1234 2630 1268 2736 ξ.
1297 2633 1374 2728 12.)
1488 2722 1491 2731 ρ

750 2799 839 2897 686.

209 2946 363 3048 Injursti
382 2954 499 3023 testes
515 2970 562 3024 ne
583 2944 708 3024 diomt
726 2943 988 3022 testimonirun.

747 3104 836 3183 687.

212 3242 267 3322 Τά
296 3243 530 3347 πρεσβύτερα
558 3243 637 3322 τῶν
665 3242 901 3349 πραγμάτων
929 3240 1000 3324 τὸν
1028 3239 1285 3345 πρεσβύτερον
1313 3238 1371 3319 δεῖ
1397 3239 1481 3317 δια-

100 3382 314 3472 μαριυρεῖν.
697 3373 910 3468 (Demosth.
930 3372 1015 3450 adv.
1034 3369 1215 3496 Leochar.
1240 3368 1376 3465 1097.)
1482 3368 1490 3497 ’ἢ

750 3532 839 3631 oar,

207 3681 264 3756 De
283 3680 395 3756 rebus
414 3677 683 3778 antiquioribus
703 3634 794 3756 natu
811 3678 990 3779 majorem
1009 3678 1208 3754 contestari
1227 3687 1384 3778 oportet.

748 3840 838 3919 688.
859 3844 867 3864 '

202 3979 515 4080 Ἐκμαρτυρί
524 4009 549 4054 α
578 3975 746 4080 διαφέρει
772 3980 837 4072 τῆς
860 3986 1094 4082 μαρτυρίας,
1123 3975 1183 4057 ὅτι
1208 3973 1321 4079 ἦμέν
1334 3991 1491 4078 μαρτυ-’

103 4111 164 4203 oio
182 4107 261 4183 τῶν
280 4104 483 4206 παρόντων
500 4110 624 4196 ἐστίν,
655 4097 677 4198 ἧ
698 4103 735 4181 δ’
753 4112 990 4207 ἑκμαρτυρία
1008 4107 1086 4183 τῶν
1104 4102 1295 4182 ἁπάντων.

1070 4228 1376 4337 (Harpocran.)

746 4343 835 4420 688.

207 4468 441 4543 Contestatio
461 4467 586 4544 differt
604 4493 627 4542 a
645 4468 878 4563 testimonio,
908 4468 1008 4569 quod
1037 4468 1109 4544 hoo
1136 4466 1285 4567 quidem
1305 4491 1480 4569 praesen·

102 4592 209 4686 tium,
227 4592 293 4670 illa
310 4618 401 4671 vero
420 4603 477 4670 est
494 4591 713 4671 absentium

750 4720 839 4798 689.

191 4862 417 4958 ’Μαρτυρία
434 4863 630 4950 καλεῖται,
665 4853 764 4939 ὅταν
791 4889 847 4948 τις
865 4856 983 4948 αὐτὸς
1003 4856 1099 4934 ι’δών
1113 4857 1307 4959 μαριυρῂ·
1337 4865 1482 4958 ἐκμαρ-

104 4985 213 5082 τυρία
232 4982 295 5074 δὲ,
326 4979 422 5061 ὅταν
439 5015 493 5073 τις
511 4983 612 5084 παρά
631 5014 694 5061 τοι
730 4984 883 5074 ἰδόντος
901 4983 1075 5063 άκωῦσαι
1094 4990 1194 5090 λέγῃ.

992 5114 1146 5210 (Pollux
1165 5115 1270 5212 v111,
1291 5113 1375 5205 eo.)
