3436 5790
601 126 909 179 cosummatus
931 126 981 175 nn
1002 123 1063 178 rer.
1084 125 1147 179 rar.
1167 125 1229 179 rso.
1250 123 1311 180 αι.
1565 106 1640 179 441

255 326 425 395 senatum
443 318 734 419 quingentorum
751 317 989 412 mittebatur,
1017 319 1082 420 qui
1098 317 1323 421 indagabat,
1351 345 1500 399 noxane
1519 322 1645 423 aliqua

256 451 320 519 aut
338 442 440 520 fraus
458 445 497 522 in
517 469 563 521 eo
582 444 734 541 lateret,
754 444 861 522 etsie
882 445 928 521 ad
947 446 1130 548 populum
1150 446 1350 524 ferebatur.
1379 446 1644 551 (Anonymi

254 593 433 666 argum.
453 569 500 646 in
519 569 765 648 Demosth.
786 598 815 647 c.
837 568 1127 648 Androtion.
1152 599 1188 673 p.
1211 572 1320 664 591.)

839 781 915 866 Ad
941 783 1050 866 104.

360 929 601 1010 (lonsvetudo
622 933 713 1010 haec
734 931 878 1010 videtur
897 944 1018 1010 aetate
1042 932 1306 1011 Demosthenis
1326 928 1535 1011 invaluisse.

842 1143 917 1226 Ad
944 1144 1053 1227 10⁷.

361 1289 485 1368 Schol.
504 1292 544 1367 in
561 1290 804 1368 Demosthon.
825 1287 1040 1367 Aristocrat.
1052 1270 1204 1385 64⁹,29
1216 1320 1224 1367 :
1236 1282 1339 1366 Ὅσα
1359 1287 1439 1366 ἴδια
1457 1287 1522 1384 τῆς
1539 1292 1640 1392 βου-

253 1411 317 1504 λῆς
336 1417 566 1514 ψηφίσματα
585 1407 655 1506 ἦν,
682 1410 791 1488 ταύτ’
821 1405 870 1504 ἦν
897 1419 1040 1490 ἐπέτεια
1068 1420 1137 1488 καὶ
1167 1426 1416 1517 συνανῃρεῖτο
1445 1415 1491 1516 τῇ
1514 1415 1654 1517 βουλῇ

249 1534 346 1636 μετὰ
376 1537 557 1617 ἐνιαυτὸν
584 1546 801 1641 παυομένη·
833 1534 906 1615 ὅσα
935 1539 974 1617 δὲ
1004 1537 1080 1616 ἀπὸ
1109 1540 1173 1632 τῆς
1200 1541 1345 1643 βουλῆς
1365 1540 1439 1618 ἔδει
1459 1539 1551 1645 πρὸς
1569 1538 1641 1619 τόν

254 1660 378 1764 δῆμον
397 1666 624 1766 πεμφθῆναι
647 1672 716 1742 καὶ
746 1663 791 1742 τὸ
822 1665 944 1766 κῦρος
974 1673 1061 1769 παρ’
1080 1664 1206 1742 αὐτοῦ
1234 1671 1389 1768 λαβεῖν,
1419 1665 1542 1744 ταῦτα
1562 1664 1641 1745 οὐκ

252 1783 299 1882 ἦν
317 1797 473 1873 ἐπέτεια.
512 1797 786 1896 (Quaecunque
816 1795 967 1873 decreta
996 1807 1146 1873 senatus
1167 1809 1273 1873 erant
1290 1798 1461 1899 propria,
1491 1799 1557 1876 illa
1575 1823 1640 1875 an·

252 1946 327 1997 nua
347 1932 455 1998 erant
473 1933 511 1999 et
528 1923 605 1997 vim
625 1921 845 1997 amittebant
870 1933 955 2022 post
983 1945 1121 1997 annum
1151 1933 1320 1998 cessante
1347 1945 1500 2021 senatu3
1529 1949 1639 2024 quae·

253 2072 397 2147 cunque
416 2074 506 2125 vero
526 2047 722 2150 oportebat
740 2073 762 2122 a
781 2058 912 2124 senatu
940 2045 988 2122 ad
1016 2048 1195 2148 populum
1223 2048 1315 2124 mitti
1336 2060 1373 2124 et
1391 2049 1439 2126 ab
1459 2049 1530 2124 hoo
1550 2075 1638 2125 con·

253 2170 408 2266 firmari,
427 2171 491 2249 illa
508 2198 585 2248 non
604 2184 711 2249 orant
729 2173 886 2263 annua.)
1557 2157 1559 2161 ’

359 2297 591 2374 Platonis
619 2297 1073 2374 definitionesllaz
1109 2291 1312 2393 Ψήφισμα,
1344 2293 1469 2401 δόγμα
1489 2302 1639 2373 πολιτι-

253 2418 329 2496 κὸν
347 2418 402 2507 εἴς
424 2450 512 2497 τινα
536 2417 688 2522 χρόνον
716 2415 994 2520 ἀφωρισμένον.
1033 2422 1253 2514 (Decretum
1275 2435 1331 2499 est
1350 2424 1512 2501 edictum
1531 2425 1639 2502 civile

253 2549 299 2626 ad
317 2561 465 2652 tempus
485 2548 636 2652 aliquod
656 2546 883 2639 definitum.)

359 2673 454 2754 (lum
473 2677 596 2776 itaque
617 2675 765 2751 decreta
783 2672 915 2775 populi
933 2697 1050 2773 usque
1061 2671 1110 2749 ad
1121 2683 1268 2774 tempus
1286 2672 1541 2774 abrogationis
1561 2677 1637 2751 vim

251 2802 344 2904 legis
362 2801 582 2894 habuerint,
610 2811 711 2877 recte
740 2825 798 2875 me
829 2797 961 2876 fecisse
981 2797 1159 2896 arbitror,
1190 2798 1290 2900 quod
1310 2802 1491 2877 nonnulla
1507 2802 1637 2904 populi

252 2917 515 3005 decreta'inter
532 2927 635 3027 leges
653 2924 870 3028 receperim.
1098 2907 1102 2915 ¹

358 3052 415 3132 Of.
444 3051 728 3131 Bbhneohe:
767 3048 1042 3150 Forsohungen
1069 3050 1138 3127 auf
1161 3049 1245 3126 dem
1273 3051 1431 3129 Gabiete
1461 3052 1527 3129 der
1553 3052 1637 3141 atti-

251 3181 364 3257 sohen
383 3179 534 3257 Redner
551 3179 628 3256 und
647 3175 712 3254 der
731 3175 954 3255 Gesohiohte
978 3176 1077 3252 ihrer
1095 3176 1187 3252 Zeit.
1217 3176 1363 3270 (Berlin
1384 3178 1519 3270 1843.)
1557 3177 1635 3255 Hu-

245 3306 307 3406 jus
337 3308 459 3410 operis
489 3334 577 3409 pars
605 3304 767 3381 secunda
794 3304 959 3379 continet
986 3301 1135 3381 decreta
1164 3299 1402 3405 (Συναγωγή
1433 3298 1636 3402 ψηφισμά-

251 3436 359 3527 των),
378 3458 472 3535 quae
491 3442 610 3510 aetate
629 3429 920 3509 Demosthenica
938 3429 1027 3505 inde
1044 3456 1067 3504 a
1086 3453 1179 3531 pace
1199 3429 1435 3508 Philocratea
1454 3429 1636 3531 usquead

252 3559 454 3640 Alexandri
481 3561 519 3636 in
548 3559 676 3639 Asiam
705 3557 979 3661 expeditionem
997 3583 1020 3631 a
1039 3566 1171 3632 senatu
1200 3558 1414 3659 populoque
1434 3552 1635 3634 Athenien·

251 3685 346 3763 sium
364 3685 441 3762 lata
458 3699 565 3783 sunt,
586 3698 624 3762 et
642 3686 779 3787 partim
797 3685 964 3784 integra,
985 3683 1122 3785 partim
1140 3682 1332 3760 decurtata
1351 3691 1510 3760 exstant.

838 3876 914 3961 Ad
939 3878 1049 3959 1⁷0.

356 4028 469 4132 Apud
487 4027 749 4105 Chalcidenses
768 4025 828 4103 lex
852 4037 953 4120 erat,
981 4051 1031 4102 ne
1057 3983 1299 4123 magistratus
1328 4024 1390 4099 vel
1416 4021 1528 4120 legati
1555 4047 1634 4097 mu-

249 4182 337 4232 nere
357 4156 592 4253 fungeretur,
612 4154 675 4255 qui
695 4153 803 4228 annis
822 4151 1094 4253 quinquaginta
1113 4150 1236 4227 minor
1254 4161 1362 4226 esset.
1393 4147 1632 4242 (Heracli-

249 4280 333 4357 des
352 4282 488 4358 Pont.
509 4281 555 4357 de
575 4281 652 4356 reb.
673 4278 773 4381 publ.
795 4278 880 4373 31.)
957 4332 962 4344 .
1284 4388 1287 4393 Ι

356 4406 570 4484 Secundum
590 4406 713 4504 Leges
732 4404 902 4482 Platonis
922 4409 979 4507 (p.
999 4402 1088 4499 785,
1109 4403 1161 4494 B)
1191 4402 1279 4479 viris
1299 4415 1385 4478 ante
1405 4404 1633 4502 trigesimum

248 4535 378 4611 aetatis
398 4559 535 4610 annum
555 4559 631 4608 non
650 4516 788 4607 licebat
806 4531 1063 4630 magistratum
1081 4553 1223 4628 gerere.

842 4724 917 4807 Ad
942 4727 1042 4806 1⁷1.

355 4876 497 4953 Thebis
515 4875 577 4953 lex
596 4886 695 4969 erat,
724 4898 790 4967 ne,
818 4874 879 4975 qui
899 4899 974 4950 non
994 4871 1121 4948 decem
1139 4896 1255 4950 annos
1275 4873 1358 4950 foro
1378 4895 1499 4949 rerum
1518 4898 1631 4951 vena·
