3436 5790
536 397 846 452 ommatius
864 399 918 450 sn
938 392 1017 450 roes.
1037 395 1116 454 rou.
1135 392 1216 453 rna.
1491 380 1568 458 ttt

287 587 352 666 Lis
372 588 417 667 de
437 592 603 693 pecuniis
623 602 661 667 et
687 590 987 692 permetionibus
1015 592 1219 669 vocabatur
1247 593 1354 669 etiam
1385 587 1567 668 διαδικα-

182 711 256 790 olu.
287 713 464 807 (schol.
484 718 530 792 in
551 714 779 794 Aeschin.
802 713 1020 816 Otesiph.
1045 716 1152 807 146.)

286 834 517 914 Λιαδικασία
548 841 660 944 igitur
686 843 756 918 tria
776 841 1033 943 significabat,
1062 855 1102 919 ut
1123 841 1308 919 videture
1327 840 1565 924 commenta-

180 964 235 1041 no
255 965 302 1042 ..ι
322 961 354 1065 u.
375 966 453 1045 eoo
473 976 510 1043 a
530 965 618 1042 aar.

750 1067 827 1151 Ad
843 1066 986 1152 145⁸.

284 1232 500 1311 Secundum
527 1235 757 1312 Platonis
785 1236 942 1334 Leges
969 1235 1080 1330 (914,
1102 1233 1258 1331 c-EJ,
1288 1238 1420 1338 siquis
1441 1265 1562 1317 rerum

178 1385 328 1439 suarum
345 1361 488 1461 aliquid
506 1359 644 1438 habere
667 1361 831 1460 aliquem
855 1362 1093 1457 criminatur,
1122 1363 1226 1463 isque
1248 1363 1387 1440 habere
1406 1362 1562 1460 fatetur,

177 1484 244 1562 sed
262 1510 336 1564 non
354 1485 454 1586 quod
474 1486 572 1562 illius
591 1486 658 1580 sit,
686 1487 717 1561 si
747 1512 789 1562 ea
819 1511 879 1562 res
908 1485 1111 1564 seeundum
1140 1488 1262 1587 legem
1281 1489 1489 1590 perscripta
1507 1500 1565 1565 est

176 1609 277 1711 apud
295 1611 555 1709 magistratus,
584 1609 785 1689 habentem
813 1610 860 1686 ad
889 1611 1145 1707 magistratum
1165 1623 1306 1689 vocato.
1343 1614 1387 1689 In
1407 1639 1563 1715 conspe·

176 1746 276 1811 ctum
293 1745 417 1812 autem
436 1735 596 1813 adducta
613 1761 652 1811 re
671 1737 702 1811 ai
722 1737 761 1812 in
781 1735 917 1814 tabulis
942 1735 1213 1814 alteriusutrius
1232 1738 1458 1838 ligitantium
1476 1764 1562 1842 per·

175 1861 315 1960 scripta
335 1871 510 1962 apparet,
540 1862 569 1937 is
598 1871 730 1937 tenens
759 1883 841 1935 eam
871 1860 1061 1936 discedito.
1089 1861 1157 1937 Sin
1185 1840 1309 1939 autem
1327 1863 1366 1936 in
1384 1862 1480 1939 alius
1499 1887 1562 1940 cu·

169 1984 319 2086 jusdam
338 1985 522 2080 absentis,
553 1995 635 2060 uter
664 1986 800 2067 voden
821 1985 1050 2086 locupletem
1079 1983 1311 2087 praebuerit,
1341 1987 1372 2062 is
1401 2013 1470 2088 pro
1495 1986 1561 2063 ab·

175 2123 278 2188 sente
298 2123 339 2187 ut
357 2111 408 2187 illi
427 2110 628 2188 traditurus
649 2136 695 2186 ex
714 2108 812 2185 illius
825 2110 911 2210 jure
931 2109 1141 2187 abducendi
1159 2135 1288 2188 secum
1305 2111 1491 2190 abducito.
1520 2110 1561 2187 si

175 2262 263 2312 vero
283 2235 339 2331 id,
368 2236 414 2312 de
443 2263 515 2341 quo
544 2235 799 2312 controversia
827 2245 903 2330 est,
932 2234 1033 2336 apud
1053 2236 1292 2336 magistratus
1311 2239 1560 2340 perscriptum

173 2387 251 2437 non
270 2374 344 2457 est,
374 2388 488 2466 usque
509 2360 751 2464 adjudicium
770 2360 981 2463 depositum
1005 2371 1085 2437 esto
1105 2360 1204 2462 apud
1225 2372 1301 2435 tres
1321 2363 1560 2460 magistratus

174 2497 265 2563 natu
283 2490 483 2583 maximos,
513 2497 550 2562 et
578 2488 609 2562 si
640 2486 850 2588 depositum
878 2487 1015 2562 animal
1034 2496 1108 2581 est,
1138 2489 1188 2576 ia,
1217 2487 1338 2587 quiin
1359 2485 1559 2590 eojudieio

174 2613 294 2688 victus
312 2612 443 2706 fuerit,
469 2611 684 2688 alimentum
702 2609 886 2711 rependat
906 2610 1203 2708 magistratibus3
1232 2611 1335 2687 litem
1354 2638 1443 2688 vero
1462 2614 1560 2689 intra

173 2735 335 2812 triduum
356 2737 559 2838 dijudicent
577 2738 827 2836 magistratus.

747 2946 822 3030 Ad
845 2948 979 3031 1401.

279 3111 388 3215 Apud
406 3113 723 3192 Lacedaemonios
747 3114 785 3188 in
813 3113 1014 3191 fundorum
1042 3115 1275 3214 possessione
1305 3139 1413 3191 nemo
1442 3114 1556 3191 alium

171 3241 389 3340 superabat,
409 3239 474 3318 sed
493 3265 645 3317 necesse
665 3251 761 3334 erat,
782 3250 821 3316 ut
839 3265 968 3315 omnes
987 3239 1088 3314 cives
1107 3236 1297 3340 aequalem
1316 3237 1457 3340 publici
1475 3243 1556 3339 agri

170 3365 321 3442 modum
340 3366 561 3442 obtinerent.
589 3364 663 3442 sed
683 3365 782 3466 apud
802 3363 999 3441 Cretenses
1018 3364 1099 3461 agri
1119 3362 1268 3440 modum
1288 3389 1356 3466 pro
1376 3367 1555 3467 cujusque

170 3491 309 3568 viribus
339 3490 543 3595 producere
571 3493 611 3566 in
638 3491 825 3567 infinitum
854 3515 923 3591 per
945 3488 1047 3588 leges
1067 3490 1198 3590 cuique
1218 3489 1333 3566 licuit.
1363 3491 1553 3592 (Polyb.

169 3612 234 3704 vl,
256 3620 318 3710 45,
339 3618 374 3694 3.
396 3618 458 3712 46,
484 3618 537 3710 1.)

275 3740 386 3844 Apud
405 3741 545 3819 Locros
565 3752 689 3818 autem
705 3742 790 3842 lega
809 3741 991 3818 sunmtum
1011 3750 1101 3833 erat,
1120 3740 1270 3841 nequis
1289 3742 1553 3843 patrimonium

166 3892 275 3945 suum
294 3864 490 3961 venderet,
517 3867 589 3942 nisi
618 3865 853 3944 manifestam
882 3865 1132 3942 calamitatem
1160 3865 1232 3941 sibi
1261 3866 1474 3944 ostenderet
1492 3891 1551 3944 ac-

165 3991 309 4069 cidisse.
337 3988 619 4086 (Aristotel.
639 3991 785 4068 Polit.
804 3991 853 4086 ΙΙ,
874 3991 910 4086 d,
931 3991 992 4082 4.)

738 4200 813 4285 Aa
831 4203 974 4287 140³.

267 4369 484 4450 Secundum
505 4370 737 4448 Platonis
754 4371 914 4473 bages
930 4370 1046 4466 (tta
1068 4367 1217 4464 d-at'll,
1242 4369 1273 4445 si
1291 4390 1403 4470 qaam
1418 4391 1548 4449 necea-

161 4495 247 4573 sarii
266 4506 376 4596 potus
396 4497 592 4593 deficiunt,
624 4496 743 4574 fodito
772 4498 850 4574 suis
867 4499 907 4576 iu
927 4496 1066 4574 tinibus
1081 4493 1266 4597 usque=ad
1283 4508 1419 4574 terram
1437 4494 1547 4596 argil-

160 4620 322 4718 laceam,
352 4647 427 4722 qua
454 4634 561 4698 tenus
584 4622 761 4726 depresso
781 4633 896 4725 puteo
915 4624 948 4697 si
966 4621 1070 4698 nullo
1090 4619 1203 4698 modo
1221 4646 1319 4720 aqua
1337 4623 1496 4724 potitur,
1525 4648 1550 4698 a

161 4746 292 4824 vicinis
311 4748 429 4848 petito
447 4759 628 4848 quantum
648 4748 811 4826 familiae
829 4749 1031 4825 necessitas
1057 4744 1212 4823 bibendi
1237 4748 1386 4849 exiget:
1414 4742 1548 4848 quodsi

160 4871 292 4949 vicinis
320 4894 468 4974 quoqne
496 4896 611 4974 parca
638 4874 706 4968 sit,
737 4894 881 4951 certum
907 4870 1117 4973 aquationis
1144 4871 1318 4964 modum,
1347 4894 1456 4970 ιιιιιιιιι
1470 4867 1550 4947 ute

159 4998 257 5099 apud
277 5020 453 5099 agrorum
471 5000 670 5099 magistros
689 4999 930 5081 statuendum
944 4998 1158 5095 curaverit,
1187 4997 1352 5098 quotidie
1371 4995 1551 5153 antem

159 5123 213 5201 sic
232 5124 420 5206 commtmi
438 5148 522 5203 cum
543 5125 676 5205 vicinis
695 5152 793 5227 aqua
810 5124 934 5204 utitor
