3436 5790
568 422 874 476 9999999999199
893 425 947 478 Au
968 423 1048 482 9999.
1069 424 1148 482 rasa.
1472 406 1557 482 613

166 621 242 695 riae
257 620 320 720 jus
340 620 389 695 ob
409 618 722 722 propinquitatem
744 644 791 693 ne
820 625 900 693 9919
923 620 984 697 991
1004 647 1190 701 sacmrum
1212 623 1273 699 991
1292 622 1554 725 profanorum,

165 745 212 822 ab
231 746 385 823 Euclide
406 746 618 838 archonte.)
733 809 737 817 .

271 867 543 974 Aristophanes
572 870 685 951 citato
713 872 794 948 loco
823 885 951 975 aperta
980 874 1098 967 dicit,
1137 875 1235 952 hanc
1261 874 1410 952 Solonis
1439 874 1552 951 fuisse

158 999 299 1097 legem.

744 1098 820 1183 Ad
838 1100 981 1185 1³00.

272 1267 395 1345 Schol.
415 1269 454 1343 in
473 1264 661 1368 Aristoph.
683 1265 781 1344 Aves
804 1266 925 1342 1656:
954 1263 1072 1363 νόμος
1092 1260 1139 1357 ἦν
1158 1262 1342 1352 Ἀττικὸς
1353 1324 1364 1355 ,
1384 1275 1464 1352 τοῖς
1483 1262 1554 1342 νό-

167 1397 254 1476 θοις
269 1396 382 1490 μέχρι
402 1393 509 1465 πέντε
523 1385 637 1485 μνῶν
655 1386 976 1486 καταλιμπάνειν.
997 1450 1003 1463 .
1026 1452 1033 1469 .
1057 1451 1063 1464 .
1089 1387 1143 1466 Τὸ
1172 1388 1361 1495 ἀργύριον
1385 1400 1463 1477 τοῖς
1483 1389 1552 1466 νό-

169 1523 255 1604 θοις
275 1512 337 1591 διὰ
354 1512 485 1613 χειρὸς
505 1512 677 1602 ἐδίδουν,
702 1511 828 1605 ἐπειδὴ
850 1510 929 1590 οὐκ
948 1513 1037 1606 ἐξῆν
1056 1512 1187 1605 αὐτοῖς
1207 1522 1547 1623 ουγκληρονομοῖν.

165 1649 265 1740 (Lex
285 1658 363 1723 erat
383 1644 506 1722 Attica
524 1654 567 1719 ut
585 1643 719 1743 spuriis
744 1643 909 1743 quinque
938 1643 984 1720 ad
1014 1671 1199 1723 summum
1227 1646 1348 1723 minae
1369 1646 1552 1746 relinque·

165 1784 301 1850 rentur.
323 1830 330 1846 .
352 1831 360 1848 .
381 1830 389 1846 .
410 1769 612 1846 Pecuniam
632 1795 721 1846 vero
742 1770 878 1872 spuriis
898 1769 944 1848 ad
964 1798 1096 1850 manus
1116 1771 1277 1867 dabant,
1306 1772 1487 1872 quianon
1507 1773 1550 1848 li·

164 1900 274 1977 cebat
291 1897 335 1974 iis
354 1894 599 1974 coheredibus
618 1899 732 1988 esse.)
1371 1892 1372 1897 ’

740 2070 815 2155 Ad
834 2073 974 2158 1³00.

271 2242 440 2315 199999
468 2237 523 2312 de
553 2236 842 2315 Philoctem.
872 2238 965 2315 her.
995 2236 1028 2340 ξ.
1050 2241 1095 2313 9:
1125 2240 1229 2316 Haec
1257 2237 1317 2315 lex
1343 2239 1550 2315 communis

163 2366 335 2443 omnibus
355 2366 430 2441 fixa
449 2373 524 2456 est,
553 2360 804 2463 praecipiens,
832 2364 985 2442 cuilibet
1012 2363 1123 2441 licere
1151 2365 1197 2440 de
1227 2364 1337 2440 199919
1367 2362 1442 2443 9919
1461 2388 1548 2439 999·

163 2494 335 2585 91119999,
364 2492 469 2591 prole
498 2489 663 2566 mascula
687 2491 848 2585 carenti,
877 2491 997 2567 nisisi
1018 2492 1115 2568 forte
1134 2490 1292 2567 furiosus
1310 2488 1440 2565 911991
1459 2512 1550 2589 prae

163 2617 269 2695 senio
287 2627 351 2692 aut
370 2614 568 2716 paraliam
595 2615 810 2715 quampiam
839 2640 988 2693 causam
1013 2616 1147 2693 mentis
1167 2640 1300 2717 parum
1318 2614 1366 2690 sit
1384 2639 1548 2716 compos.

270 2757 388 2836 Ibid.
407 2754 440 2858 ξ.
461 2758 532 2832 28:
561 2759 682 2834 Nemo
701 2759 828 2836 liberis
847 2760 1020 2858 genuinis
1040 2759 1241 2859 quidquam
1260 2783 1328 2859 per
1348 2766 1547 2835 testamen-

163 2898 241 2961 tum
260 2885 381 2984 legat,
401 2883 488 2982 quia
504 2881 564 2958 lex
584 2882 662 2958 filio
681 2884 798 2984 patris
816 2882 917 2959 bona
936 2884 1104 2983 delegat,
1124 2894 1343 2985 patremque
1363 2884 1421 2959 cui
1436 2882 1548 2961 liberi

160 3010 313 3109 genuini
333 3010 427 3102 9191,
456 3033 531 3083 999
549 3007 638 3083 91911
656 3033 721 3110 per
739 3019 1002 3088 testamentum
1020 3009 1252 3087 constituere.

270 3148 518 3227 Plutarch.
547 3147 709 3226 Solon.
740 3151 812 3226 2¹:
841 3153 921 3229 Lex
949 3150 996 3227 dc
1017 3151 1248 3227 testamentis
1267 3149 1342 3228 lata
1360 3148 1457 3227 laudi
1479 3149 1552 3228 so.»

161 3277 239 3356 loni
258 3277 347 3372 fisit3
375 3287 461 3352 ante
490 3275 589 3351 enim
618 3274 744 3352 testari
772 3275 910 3354 licebat
937 3277 1096 3370 nemini,
1127 3275 1193 3352 sed
1212 3299 1365 3353 9999999
1384 3287 1465 3353 erat
1482 3303 1547 3379 pe·

162 3403 309 3480 cuniam
328 3414 366 3479 91
384 3402 536 3477 domum
558 3400 596 3475 in
626 3399 768 3477 familia
795 3401 965 3479 defuncti
989 3425 1220 3505 permanere.
1259 3399 1309 3478 Ar
1327 3399 1444 3479 Solon
1462 3427 1546 3503 per·

161 3531 312 3606 mittens
332 3540 372 3604 ut
391 3528 421 3602 19
440 3525 504 3626 qui
523 3523 649 3601 liberis
676 3538 838 3622 careret,
865 3553 934 3605 sua
952 3527 1010 3604 cui
1031 3525 1145 3604 vellet
1163 3527 1325 3627 legaret,
1350 3527 1552 3605 amicitiam¹

161 3653 485 3753 consanguinitate
504 3651 688 3752 potiorem
707 3651 845 3729 habuit
884 3654 970 3730 Non
995 3665 1122 3729 tamen
1141 3654 1283 3753 absque
1301 3652 1402 3728 omni
1420 3652 1545 3731 condi·

161 3782 261 3858 tione
280 3777 430 3876 legundi
448 3777 600 3880 plenam
618 3778 803 3856 licentiam
822 3779 987 3873 admisit,
1007 3779 1073 3857 sed
1093 3781 1174 3883 ejus
1192 3778 1306 3857 modo
1324 3791 1445 3857 ratum
1463 3804 1545 3858 esse

161 3916 421 3983 testamentum
447 3903 584 3998 voluit,
613 3905 675 4004 qui
704 3930 782 3980 non
809 3905 960 4000 morbo,
993 3906 1191 4002 veneficio,
1220 3905 1397 4001 vinculis,
1426 3905 1547 3984 aliave

162 4032 382 4109 necessitate
402 4040 572 4124 coactus,
600 4042 664 4108 aut
683 4031 808 4109 uxoris
827 4031 1064 4110 svasionibus
1083 4032 1276 4122 inductus,
1304 4029 1342 4107 id
1361 4030 1546 4110 condidis-

161 4167 236 4254 set3
263 4171 363 4235 recte
382 4155 579 4234 admodum
598 4167 635 4231 et
654 4157 925 4234 convenienter
938 4156 1133 4259 judicans,
1163 4156 1257 4233 nihil
1276 4158 1453 4236 interesse
1472 4158 1544 4236 dis·

161 4283 343 4377 criminis,
372 4281 687 4384 persuadeatume
708 4282 819 4360 alicui
837 4306 945 4360 99999
975 4310 1088 4384 quam
1118 4281 1309 4384 expediat,
1337 4308 1385 4362 an
1403 4309 1494 4362 vero
1513 4287 1545 4365 19

161 4418 334 4509 cogatur,
363 4409 568 4509 eodemque
596 4433 750 4485 numero
779 4408 923 4485 habens
951 4407 1120 4486 fraudem
1138 4407 1440 4511 voluptatemque
1459 4436 1544 4488 cum

161 4536 381 4613 necessitate
401 4545 439 4610 et
458 4535 607 4632 morbo;
635 4534 736 4634 quod
764 4535 803 4610 in
831 4533 1080 4636 pervertenda
1105 4534 1268 4612 hominis
1295 4536 1438 4616 ratione
1462 4548 1542 4616 tan-

160 4661 314 4739 tundem
332 4673 487 4761 utraque
506 4662 682 4739 valerent

268 4787 409 4886 Legem
436 4786 533 4864 hanc
560 4786 697 4865 Graeci
724 4813 841 4891 usque
870 4787 918 4864 ad
948 4787 1152 4866 adventum
1181 4789 1279 4887 regis
1298 4787 1448 4868 Ottonis
1476 4814 1543 4893 per

159 4917 316 5017 longam
343 4913 552 4990 seculorum
580 4916 715 4992 seriem
743 4914 1004 5007 observabant.
1039 4911 1098 4991 Cf.
1127 4911 1271 4993 Geib:
1298 4915 1544 5017 Darstellung

160 5041 226 5116 des
236 5038 574 5117 Rechtsaustandes
592 5042 629 5117 in
639 5039 916 5119 Griechenland
926 5038 1106 5119 91119991
1121 5040 1191 5118 der
1203 5039 1540 5121 tttrkischenHerr·

159 5170 280 5248 schslt
296 5168 371 5249 und
385 5168 442 5248 bis
456 5195 522 5247 999
533 5168 707 5251 Aukunft
724 5170 791 5253 des
810 5172 956 5275 K‘onigs
975 5171 1066 5252 Otto
1085 5173 1113 5255 1.
1133 5167 1546 5270 (119119119991885.)
