3436 5790
487 380 536 430 ua
555 368 805 431 aususausus.
826 397 861 409 -
880 380 929 430 nu
949 381 1248 433 consumamus.
1480 358 1558 433 379

173 563 225 665 μή
247 567 427 644 ποιῶσιν·
456 571 524 641 καὶ
545 563 635 653 τούς
649 569 725 665 μὲν
744 559 908 654 ἁλόντας
930 566 987 642 δεῖ
1005 567 1167 656 δούλους
1186 565 1300 659 εἶναι,
1329 567 1419 658 τούς
1439 570 1476 646 δὲ
1498 601 1557 647 νι-

176 695 366 791 κήσαντας
384 703 515 783 τελέως
535 689 602 788 ἤδη
621 702 854 794 ἐλευθέρους.
1152 700 1450 804 (Harpocratio.)

807 861 921 936 1472.

280 986 512 1063 Defectionis
531 987 628 1063 actio
647 985 863 1063 conceditur
881 986 1215 1063 manumissoribus
1235 985 1411 1062 adversus
1429 1012 1556 1062 manu·

174 1109 325 1205 missos,
353 1113 383 1186 si
402 1112 450 1188 ab
469 1111 560 1212 ipsis
580 1111 773 1206 deficiant,
804 1111 865 1187 vel
893 1110 1004 1188 alium
1029 1121 1227 1214 patronum
1246 1111 1315 1187 sibi
1335 1109 1555 1207 adsciscant,

176 1262 244 1311 noc
271 1235 410 1312 faciant
437 1263 483 1312 ca
510 1264 605 1337 quae
633 1239 736 1337 logos
754 1238 903 1339 jubent.
942 1237 1187 1339 convictique
1207 1236 1347 1314 debent
1365 1239 1461 1313 servi
1479 1261 1554 1312 ma·

175 1388 280 1456 uere,
311 1365 471 1442 victores
493 1389 581 1441 vero
601 1388 751 1465 prorsus
770 1363 876 1442 libori
896 1374 992 1441 sunt.

758 1666 896 1765 Τμῆμα
926 1666 975 1743 δ’.

674 1815 825 1909 Περὶ
881 1808 953 1912 §qi
973 1841 1002 1886 ω
1023 1840 1056 1888 ν.

785 1973 830 1986 ΛΑΜ
834 1972 940 1986 mmmm
983 1972 989 1985 Ι

769 2082 893 2161 Sactio
923 2086 957 2160 4.

606 2231 681 2305 De
728 2230 1121 2309 animalibus.

809 2425 920 2502 1473.

276 2561 388 2636 Βοῦν
416 2557 557 2661 ἀρότην
583 2567 654 2637 καὶ
680 2555 761 2639 ἀπὸ
791 2560 914 2670 ζυγὸν
941 2562 1161 2656 πονήσαντα
1178 2564 1252 2640 σύν
1271 2561 1420 2664 ἀρότρῳ
1442 2559 1551 2655 ἢκαὶ

172 2684 244 2762 σύν
262 2686 307 2784 τῇ
327 2680 476 2786 ἀμάξῃ,
501 2687 555 2786 μή
578 2688 710 2781 θύειν,
736 2685 794 2766 ὅτι
824 2697 894 2767 καὶ
914 2681 1027 2780 οὗτός
1046 2699 1123 2768 ἐστι
1143 2687 1307 2797 γεωργὸς
1326 2696 1394 2765 καὶ
1413 2688 1491 2766 τῶν
1509 2696 1553 2766 ἐν

172 2806 392 2910 ἀνθρώποις
410 2811 598 2912 καμάτων
616 2813 816 2907 κοινωνός.
883 2819 1046 2914 (Aelim.
1066 2819 1155 2898 Var.
1174 2820 1270 2896 Hist.
1291 2818 1337 2915 V,
1361 2819 1444 2916 14.)

801 2980 914 3064 1473.

279 3119 354 3195 Β99
383 3131 527 3218 arator,
558 3127 686 3225 etqui
715 3126 784 3203 sub
808 3129 902 3229 jugo
933 3127 1079 3203 laborat
1106 3151 1190 3202 cum
1218 3135 1341 3202 aratro
1360 3124 1421 3200 vel
1440 3125 1550 3200 ctiam

171 3268 251 3319 cum
271 3245 458 3345 plaustro,
487 3274 534 3323 ne
554 3262 755 3346 mactator,
786 3254 962 3352 quoniam
987 3253 1097 3329 etiam
1125 3253 1186 3328 illc
1216 3261 1272 3327 est
1303 3249 1484 3354 agricola,
1513 3260 1550 3325 et

169 3366 317 3446 humani
336 3373 485 3468 generis
505 3373 674 3452 laborum
694 3378 825 3454 socius.

273 3668 344 3764 Μῆ
366 3672 548 3768 σφάττειν
568 3673 765 3780 πρόβατον
782 3670 957 3758 ἀπεκτον
977 3677 1002 3773 ἢ
1019 3676 1180 3766 trouva

804 3917 905 3997 1474
974 3811 1222 3909 (Athenaeus.
1242 3817 1308 3911 IX,
1330 3819 1440 3915 375.)

271 4052 305 4128 Ν
308 4078 327 4127 9
348 4063 529 4131 mactatur
547 4058 628 4135 ovis
646 4061 816 4160 intonsa,
845 4075 911 4141 aut
929 4092 1024 4170 quae
1042 4069 1209 4149 nondum
1227 4073 1384 4176 peperit.

801 4225 914 4304 14⁷5.

271 4353 540 4452 Νιικτερευτρν
558 4366 650 4438 κυσὶ
668 4393 738 4440 και
730 4369 934 4459 τιλέκταις
953 4370 1089 4450 πιστὸν
1103 4374 1234 4472 μηδεὶς
1247 4377 1434 4476 μηδέποτε
1452 4379 1543 4480 ἐάσρ

159 4476 340 4621 μρδαμοῦ
363 4481 569 4578 θηρεῦσαι·
597 4485 668 4569 τὸν
686 4486 921 4590 ὀρνιθευτὴν
949 4497 1034 4574 δὲ
1016 4530 1059 4576 εν
1087 4497 1218 4607 ἀγροῖς
1241 4508 1316 4603 μὲν
1343 4511 1412 4582 καὶ
1441 4500 1543 4607 ὅρ9σι

159 4635 210 4698 μη
202 4600 452 4697 ιινωλιέτω,
434 4639 475 4683 9ν
488 4617 706 4715 ἐργασιμσις
726 4617 763 4695 δὲ
783 4626 852 4697 και
873 4625 985 4722 ἱεροῖς
1005 4623 1152 4731 ἀγρίοις
1171 4636 1361 4735 εξειργέτω
1380 4626 1402 4710 ὃ
1423 4659 1541 4734 προσ-

161 4729 386 4831 τυγχάνων,
417 4738 749 4840 ἐνυγροθηρευτὴν
768 4744 826 4836 δὲ,
856 4746 957 4840 πλὴν
985 4756 1028 4826 ἐν
1055 4757 1177 4851 λιμέσι
1200 4761 1269 4831 καὶ
1288 4759 1400 4859 ἱεροῖς
1419 4791 1540 4836 ποτα-

157 4865 244 4951 μοῖς
263 4888 301 4931 τε
321 4862 389 4932 καὶ
409 4867 504 4935 ἱλεσι
523 4894 592 4940 και
585 4870 784 4966 λίμναις
813 4879 856 4950 ἐν
874 4886 953 4962 τοῖς
976 4869 1106 4964 ἀλλοις
1135 4878 1172 4957 δε
1203 4887 1334 4974 ἐξέστω
1366 4884 1541 4986 θηρεύειν

157 4976 209 5077 μὴ
224 4980 430 5081 χρώμενον
450 4982 557 5065 ἀνιών
576 4986 887 5077 ἀναθολώσει’
833 5029 973 5099 μονον.

873 5130 1012 5229 (Pluto.
1031 5133 1154 5242 Leges
1171 5136 1263 5238 824,
1282 5139 1429 5243 B-G.)
