3404 5782
409 424 713 476 couusrrsstus
732 425 785 475 su
804 421 866 476 ιοε.
885 420 949 475 tta.
969 422 1030 477 ιιι.
1049 419 1103 475 tta
1376 392 1453 469 473

181 614 323 690 Confer
341 616 451 690 etiam
470 612 592 690 Schol.
612 615 650 689 in
671 612 842 691 Aeschin.
872 614 951 692 fals.
975 615 1083 716 legat.
1107 614 1214 707 1423
1244 609 1452 711 Etymolog.

76 739 201 837 Magn.
230 767 265 840 p.
286 741 383 836 3863
410 738 639 841 Hesychium
667 767 694 815 s.
713 767 747 815 v.
775 735 938 836 βοάιης,
968 752 1007 818 et
1033 739 1186 818 Suidam
1215 766 1243 815 ε.
1263 764 1296 813 v.
1321 729 1453 809 Ἐτεο-

74 858 276 960 (tumltu.

658 966 734 1049 Ad
751 968 869 1051 405.

183 1132 305 1210 Schol.
333 1132 372 1207 in
403 1129 574 1210 Aeschin.
604 1134 649 1208 de
680 1133 775 1210 male
804 1144 913 1233 gesta
939 1132 1050 1232 legat.
1079 1127 1114 1234 ξ.
1144 1131 1216 1206 ta:
1255 1123 1455 1228 Βοαζάγοε

73 1252 217 1346 ἐκλήθη
241 1250 483 1352 Ἐπιμενίδης
506 1250 732 1344 Ἀθηναίων
758 1252 837 1331 τῶν
864 1259 1002 1346 πάλαι,
1033 1248 1130 1342 iesse
1156 1250 1302 1352 πρῶτος
1322 1249 1456 1353 ζεῦγος

74 1378 180 1476 βοῶν
200 1380 358 1472 ἔζευξεν.
379 1374 509 1455 Ὅθεν
526 1385 594 1453 ιιαί
613 1375 658 1454 τά
679 1373 847 1479 άροιροι
865 1377 992 1456 αὐτοῦ
1011 1376 1185 1456 ἀνέκειτο
1205 1383 1248 1454 εν
1266 1376 1311 1475 τῇ
1332 1371 1457 1474 άιιρο-

76 1503 178 1579 πόλει
200 1501 292 1605 πρὸς
306 1500 472 1602 μνήμην.
507 1507 696 1606 (Buzyges
716 1509 923 1585 vocabatur
935 1506 1174 1610 Epimenides
1192 1505 1292 1608 apud
1312 1503 1456 1607 priscos

76 1631 340 1724 Athenienses,
362 1630 423 1730 qui
442 1630 581 1731 primus
601 1632 715 1707 boves
734 1631 834 1710 misit
852 1632 921 1709 sub
935 1633 1082 1733 jugum.
1112 1629 1225 1708 Unde
1243 1627 1353 1705 etiam
1374 1651 1455 1704 ara·

75 1770 172 1830 trum
191 1755 270 1858 ejus
290 1753 497 1856 expositum
518 1756 653 1832 eratin
674 1756 838 1858 acropoli
857 1757 895 1831 in
915 1756 1160 1848 memoriam.)

661 1965 738 2050 Ad
764 1967 872 2050 415.

182 2129 333 2208 Suidas:
355 2121 391 2202 ‘1
401 2124 701 2225 εροφάντης·
731 2121 853 2214 οὕτως
880 2122 1110 2226 ὠνομάσθαι
1140 2130 1237 2222 paci
1264 2121 1336 2200 sor
1354 2121 1458 2220 ιερῶ-

1197 2243 1460 2327 nortonam?

75 2377 165 2475 ἱερά.
203 2383 281 2473 (lta
307 2395 479 2458 vocatum
507 2407 588 2458 esse
619 2381 770 2458 tradunt
796 2380 918 2474 illum,
957 2381 1020 2481 qui
1047 2382 1210 2482 primum
1238 2403 1346 2457 sacra
1373 2387 1460 2478 post

76 2505 262 2582 redditum
282 2531 302 2582 e
321 2506 421 2583 bello
439 2505 687 2598 ostenderat.)

182 2631 342 2730 Diogen.
363 2631 484 2708 Latrt.
504 2630 589 2723 Vll,
612 2631 709 2705 186:
738 2621 760 2704 ὁ
782 2626 1007 2727 ἱεροφάντης
1035 2637 1115 2714 τοῖς
1143 2621 1326 2725 άμυὴτοιε
1349 2627 1461 2727 λέγει.

79 2756 359 2859 (Hierophanta
377 2757 465 2833 dicit
483 2732 660 2858 mysteria
679 2757 878 2858 profanis.)

185 2881 406 2959 Theodoret.
425 2882 586 2983 Therap.
605 2911 643 2985 p.
662 2883 733 2959 49:
755 2873 808 2956 ‘0
834 2878 1059 2980 ἱεροφάντης
1088 2875 1168 2956 οἶδε
1195 2875 1275 2954 τῶν
1299 2881 1459 2982 γενομέ·

81 3034 156 3082 ιωι
176 3001 244 3081 uir
264 3002 472 3109 λόγονκαὶ
492 3001 549 3092 οἷς
568 3000 618 3080 ilo
642 3002 836 3105 δοκιμάσῃ
859 3002 1009 3105 μηνύει.
1047 3007 1326 3110 (llicrophanta
1342 3003 1464 3082 noscit

78 3145 278 3210 eventuum
296 3134 498 3228 rationem,
519 3159 674 3232 eamque
694 3134 757 3228 iis,
779 3159 872 3235 quos
891 3132 1160 3234 exploraverit,
1180 3130 1399 3231 siguificat)

185 3256 364 3335 Aristides
384 3257 571 3333 Eleusinia
590 3258 619 3345 I,
638 3285 675 3359 p.
696 3258 789 3333 417:
818 3251 1064 3355 Εὐμολπίδαι
1083 3251 1312 3352 ἱεροφάντας
1330 3260 1461 3347 παρεῖ-

73 3408 165 3474 χον.
194 3382 456 3485 (Eumolpidae
475 3382 710 3483 praebebant
732 3383 951 3475 sacrificos.)
988 3383 1031 3460 Id
1051 3394 1108 3459 ost
1132 3379 1289 3459 sacrifici
1315 3389 1463 3456 arante
1516 3393 1521 3404 ·

78 3533 217 3608 genere
237 3507 551 3609 Eumolpidarum.

665 3610 742 3695 Ad
759 3613 877 3695 422.

187 3756 373 3834 Plutarch.
394 3757 526 3835 defeci.
547 3784 644 3834 orac.
665 3758 736 3833 49:
766 3751 887 3831 δεῖτὸ
909 3752 1080 3859 δύοιμοι
1098 3751 1152 3854 τῷ
1175 3781 1210 3829 ιε
1229 3748 1371 3850 οώμαιι
1392 3753 1462 3824 xci

80 3881 126 3978 τῇ
148 3879 253 3981 ψυχῇ
282 3876 468 3978 καθαρὸν
495 3877 591 3956 εἶναι
621 3885 689 3956 καὶ
719 3875 844 3967 cosule
871 3885 940 3956 καὶ
970 3876 1230 3977 ἀδιάφθορον.
1269 3877 1461 3973 (Hostiam

81 4023 227 4110 oportet
246 4021 283 4084 et
302 4008 400 4109 quod
419 4008 466 4086 ad
480 4035 616 4111 corpus
635 4021 672 4086 et
690 4009 789 4110 quod
808 4008 857 4086 ad
872 4010 1038 4086 animum
1049 4008 1195 4104 attinet,
1214 4031 1348 4108 puram
1367 4030 1460 4095 esse,

79 4135 262 4231 integram
283 4148 320 4211 et
336 4135 620 4237 incorruptam.)

668 4237 744 4320 Ad
761 4239 879 4322 42³.

187 4384 297 4478 Quod
316 4385 363 4462 ad
382 4384 514 4488 cyrbes
535 4387 688 4480 attinet,
718 4400 795 4464 tam
823 4387 965 4489 antiqui
994 4412 1106 4487 quam
1133 4384 1357 4462 recentiores
1376 4382 1463 4458 scri·

79 4527 207 4613 ptores
226 4510 264 4585 in
284 4510 449 4587 diversas
468 4523 594 4613 partes
613 4510 817 4588 discedunt.
856 4512 969 4589 'Festa
989 4508 1188 4587 Plutarcho
1218 4505 1358 4604 (Vita
1389 4504 1464 4582 So-

80 4635 211 4712 lonis
230 4637 314 4731 25),
343 4635 487 4714 tabulas
505 4636 674 4739 ligneas,
703 4626 840 4728 άξοιιες
869 4636 1007 4731 dictas,
1037 4637 1171 4737 quibus
1190 4632 1338 4711 Solonis
1362 4633 1466 4727 leges

79 4760 284 4863 inscriptae
312 4774 437 4852 eraut,
465 4755 625 4861 κύρβεις
653 4763 938 4865 cognominatas
976 4760 1195 4840 Aristoteles
1233 4769 1363 4834 auctor
1400 4770 1466 4831 est.

80 4886 262 4965 Nonnulli
280 4911 446 4966 seorsum
462 4886 599 4991 cyrbctt
621 4900 778 4969 vocatos
805 4886 1000 4982 (licebant,
1028 4886 1161 4987 quibus
1180 4883 1467 4964 continebantur

80 5025 220 5091 statuta
237 5038 426 5093 sacrorum
444 5022 485 5095 ct
499 5012 564 5095 vic
780 5024 926 5097 ectetas
955 5039 1045 5090 vero
1065 5013 1189 5114 legum
1210 5010 1355 5111 tabulas
1375 5037 1464 5086 uxo·

80 5161 150 5215 uas
167 5137 281 5217 luisse
298 5138 496 5243 appot-tq
