3436 5790
172 368 251 453 b„
568 385 879 450 commanemus
896 387 1050 446 sums.
1072 389 1152 446 seso.

166 592 244 667 suis
263 591 473 691 ejiciantur,
504 612 580 664 non
601 611 711 683 vero,
740 596 782 661 ut
800 585 984 663 Caecilius
1011 598 1157 679 censet,
1188 585 1230 660 in·
1245 609 1312 661 eos
1333 586 1434 661 solos
1452 583 1515 686 qui
1536 609 1556 661 s

158 715 325 815 judicato
344 713 523 807 debeant,
553 710 791 813 Phrynichus
809 735 958 812 quoque
978 708 1101 812 palam
1121 710 1221 788 facit.

267 838 326 917 uf.
347 840 485 918 Lexica
504 837 657 937 Seguer.
678 865 713 937 p.
738 837 825 931 188,
847 838 937 913 252.

269 980 381 1084 Apud
400 982 590 1058 Romanos
618 980 657 1054 in
685 979 989 1057 contentionibus
1018 977 1064 1054 de
1090 979 1325 1080 possessione
1346 990 1432 1055 ante
1452 979 1554 1054 {item

161 1135 287 1186 coram
318 1106 445 1209 judice
475 1102 739 1195 dirimendam,
769 1115 918 1204 praetor
955 1113 1020 1180 aut
1057 1104 1258 1205 proconsul
1296 1104 1554 1181 auctoritatem

160 1261 264 1312 suam
287 1232 460 1309 finiendis
480 1229 745 1306 controversiis
765 1228 1047 1333 interponebat,
1077 1238 1113 1305 et
1142 1230 1179 1305 in
1200 1254 1347 1305 summa
1365 1239 1431 1305 aut
1444 1229 1553 1330 jube·

160 1360 226 1434 bat
245 1357 386 1459 aliquid
406 1358 504 1449 fieri,
535 1366 599 1431 aut
628 1355 707 1429 fieri
732 1352 976 1453 prohibebat,
1003 1354 1186 1431 formulae
1207 1366 1331 1431 autem
1352 1355 1551 1431 verborum

161 1496 199 1561 et
218 1485 485 1586 conceptiones
503 1478 638 1581 quibus
657 1480 696 1553 in
715 1503 760 1554 ea
778 1503 817 1554 re
835 1479 1030 1575 utebatur,
1059 1481 1279 1557 Decreta
1307 1490 1370 1555 aut
1398 1481 1551 1559 Inter·

162 1611 298 1686 dicta
316 1608 557 1686 vocabantur.
587 1608 819 1700 Decreta,
839 1630 923 1682 cum
942 1606 1024 1681 fieri
1042 1605 1182 1707 aliquid
1198 1605 1325 1707 jubet,
1347 1606 1451 1683 velut
1469 1631 1554 1683 cum

161 1736 361 1836 praecipit,
380 1744 422 1808 ut
439 1731 580 1832 ahquid
599 1730 818 1806 exhibeatur
837 1741 901 1807 aut
919 1731 1154 1828 restituatur3
1182 1730 1461 1809 interdicta
1489 1757 1552 1809 ve·

162 1885 223 1954 ro,
251 1883 337 1936 cum
357 1856 532 1960 prohibet
550 1856 646 1949 fieri,
677 1854 780 1930 velut
807 1879 892 1929 cum
921 1857 1124 1958 praecipit,
1153 1883 1202 1933 ne
1222 1858 1301 1933 sine
1321 1857 1414 1933 vitio
1432 1858 1552 1960 possi-

162 1983 264 2060 denti
285 1986 341 2059 vis
360 1985 434 2059 fiat.
472 1983 552 2058 Nec
580 1991 704 2056 tamen
733 2004 819 2056 oum
847 1978 936 2079 quid
959 1981 1114 2081 jusserit
1141 1984 1221 2062 fieri
1247 1994 1311 2059 aut
1329 1984 1409 2059 fieri
1428 1982 1552 2084 prohi-

162 2109 302 2203 buerit,
331 2108 456 2184 statim
475 2118 669 2207 peractum
688 2116 745 2181 est
764 2107 977 2204 negotium,
1007 2106 1074 2183 sed
1092 2107 1140 2184 ad
1162 2108 1330 2208 judicem
1348 2109 1423 2184 itur
1441 2107 1550 2183 stibi

162 2235 368 2333 quaeritur,
397 2258 448 2307 an
467 2231 605 2331 aliquid
634 2229 813 2307 adversus
842 2232 1025 2330 praetoris
1053 2233 1217 2308 edictum
1235 2234 1374 2309 factum
1392 2237 1459 2329 sit,
1491 2234 1550 2309 vel

161 2383 210 2434 an
230 2360 369 2436 factum
388 2358 549 2453 nonsit,
570 2356 671 2457 quod
690 2357 721 2431 is
742 2357 821 2431 fieri
837 2355 997 2456 jusserit.
1028 2355 1120 2449 (Ga
1125 2387 1139 2459 J
1153 2359 1164 2432 i
1193 2359 1356 2437 Instit
1383 2359 1450 2453 IV,
1471 2359 1549 2434 139

162 2485 327 2575 440.)

52 2624 55 2631 '
270 2611 314 2686 Iu
332 2609 568 2710 possessoriis
587 2606 868 2709 quaestionibus
890 2607 1045 2684 dubium
1065 2633 1142 2683 non
1161 2620 1218 2685 est
1236 2609 1470 2687 decemviros
1491 2610 1551 2710 ju-

163 2735 325 2829 dicasse,
353 2734 454 2835 quod
473 2745 665 2835 praetores
684 2733 819 2809 deinde
839 2759 908 2810 suo
933 2732 997 2809 ilio
1026 2732 1147 2811 edicto
1176 2736 1246 2811 uti
1273 2735 1552 2836 possidetis

162 2863 325 2963 apertius
344 2861 622 2962 explicuerunt,
653 2861 945 2961 possessionem,
971 2885 1065 2960 quae
1084 2885 1155 2936 nec
1174 2861 1232 2956 vi,
1253 2885 1323 2936 nec
1347 2862 1463 2957 clam,
1483 2885 1552 2938 nec

164 2988 333 3089 precario
351 2996 563 3079 teneretur,
592 2988 674 3063 loco
703 3013 771 3063 suo
800 2985 1025 3063 movendam
1053 3011 1128 3062 non
1152 3011 1252 3078 esse,
1282 2987 1347 3064 sed
1372 2988 1553 3065 tuendam

163 3113 304 3213 potius,
333 3111 522 3212 pendente
551 3114 791 3214 proprietatis
819 3114 1047 3213 quaestione.
1086 3115 1292 3191 Potuerunt
1312 3114 1471 3191 Romani
1491 3138 1552 3189 au·

164 3235 261 3330 dire,
291 3234 392 3334 quod
411 3236 573 3315 Pericles
592 3240 691 3340 apud
712 3239 971 3341 Thucydidem
991 3242 1041 3335 (Ι,
1064 3241 1161 3331 141)
1181 3253 1469 3335 commemorat,
1498 3240 1552 3316 in·

163 3374 220 3437 ter
238 3360 485 3440 Athenienses
513 3375 550 3440 et
578 3365 894 3442 Lacedaemonios
922 3364 1124 3465 aliquando
1151 3367 1394 3444 constitutum
1418 3367 1552 3443 fuisse:

164 3497 214 3563 ut
250 3486 306 3563 de
344 3489 488 3565 rebus
535 3493 887 3568 controversis
919 3491 1117 3592 judicio
1154 3492 1381 3568 vicissim
1418 3493 1554 3568 inter

164 3639 252 3689 nos
280 3613 656 3717 disceptaretur
684 3627 730 3691 et
756 3617 957 3716 utrique
984 3641 1039 3694 ea
1066 3618 1401 3693 retineremus
1429 3641 1552 3718 quae

165 3752 400 3817 tenemus.
431 3740 573 3832 (Δίκας
597 3742 671 3836 μὲν
700 3738 777 3815 τῶν
805 3736 1004 3839 διαφόρων
1030 3737 1206 3829 ἀλλήλοις
1228 3736 1380 3815 διδόναι
1400 3743 1471 3815 καὶ
1489 3736 1551 3814 δὲ-

160 3866 306 3956 χεσθαι
317 3917 329 3950 ,
349 3862 455 3956 ἔχειν
474 3860 512 3938 δὲ
533 3868 735 3965 ἑκατέρους
755 3858 781 3937 di
800 3867 974 3963 ἔχομεν).
1005 3869 1088 3946 Hoc
1107 3867 1205 3944 enim
1227 3879 1283 3944 est
1301 3869 1478 3970 perinde,
1499 3882 1553 3946 at·
1632 3925 1637 3937 .

165 4015 236 4090 que
265 3992 296 4065 si
323 3991 603 4068 convenissent:
642 3994 713 4068 uti
742 3993 1074 4093 possidemus,
1102 4013 1152 4069 ut
1180 3993 1551 4094 possideamus,

164 4114 363 4193 interea
390 4115 494 4192 dum
516 4116 714 4216 judicio
742 4116 1149 4221 disceptabimus.

741 4327 820 4412 fl
834 4327 980 4414 1410.

272 4491 361 4567 Jam
379 4492 417 4568 iu
436 4494 680 4594 paragraphis
692 4495 904 4571 tutatust
917 4497 1099 4596 agebatur
1116 4494 1165 4571 de
1185 4519 1260 4572 uno
1278 4516 1419 4594 genere
1438 4497 1551 4572 actio·

165 4615 224 4691 nis
241 4611 415 4706 ἐξούλης,
445 4645 539 4720 quae
569 4643 703 4722 nempe
734 4632 824 4698 tunc
848 4620 1012 4699 habebat
1030 4622 1175 4716 locum,
1205 4622 1337 4722 siquis
1356 4623 1553 4700 convictus

167 4744 375 4821 causationi
394 4745 602 4821 sententiae
620 4771 661 4823 se
681 4749 927 4849 opposuisset.

274 4867 345 4944 Hic
364 4881 488 4946 autem
507 4871 630 4970 agitur
647 4871 695 4948 de
714 4872 832 4949 altera
849 4870 1006 4962 ἐξούλης
1024 4874 1191 4969 actione,
1221 4873 1554 4976 quampossiden·

164 5001 373 5073 tucontra
387 4996 472 5073 illos
491 4994 750 5094 intendebant,
769 5000 945 5099 aquibus
963 5001 1001 5077 in
1021 5025 1060 5076 re
1080 5025 1254 5101 possessa
1269 5024 1422 5101 quaspro
1441 5000 1553 5079 modo

285 5118 333 5199 aa
349 5117 518 5217 maante
