3404 5782
168 423 246 502 498
627 440 936 494 conunursurus
958 438 1009 488 111
1028 433 1091 488 sss.

172 640 351 741 legimus:
381 636 637 734 προσκληθεὶς
656 626 733 706 ἀπὸ
754 625 819 720 τῆς
840 630 989 716 οἰκίας,
1020 622 1067 700 οὐ
1088 621 1162 729 γὰρ
1182 618 1235 716 ἦν
1256 622 1465 722 φανερός.
1501 624 1590 704 ffinc

170 765 336 868 sequitur
353 735 586 858 accusatum,
608 761 696 838 siin
716 761 798 836 foro
819 785 894 835 non
914 756 1156 858 reperiretur,
1182 781 1201 831 e
1225 755 1358 832 domo
1381 752 1588 854 quidemin

164 892 227 996 jus
246 902 418 968 vocatum
436 887 561 981 fuisse,
576 887 692 965 sedin
711 885 825 961 dubio
845 881 1076 983 relinquitur,
1096 908 1184 956 num
1202 882 1246 956 in
1261 879 1337 979 jus
1359 904 1515 956 vocans
1532 877 1587 954 do·

170 1042 272 1094 mum
299 1014 463 1092 accusati
482 1013 673 1113 ingressus
694 1010 834 1088 fuerit?
869 1006 1035 1085 Dubium
1063 1019 1188 1082 tamen
1207 1007 1340 1083 solvit
1367 1008 1440 1109 jus
1461 1005 1585 1081 Roma·

169 1167 262 1218 num
281 1135 633 1240 Antejustinian'um,
654 1136 754 1241 quod
773 1137 812 1211 in
832 1135 957 1211 multis
976 1133 1141 1210 imitatur
1158 1132 1270 1233 leges
1283 1131 1466 1210 Atticas.
1488 1129 1584 1232 Apud

170 1267 361 1344 Romanos
386 1276 512 1342 autem
543 1264 735 1367 „plerique
755 1269 982 1364 putaverunt
1000 1252 1210 1335 nullum'de
1230 1257 1365 1336 domo
1388 1283 1465 1335 sua
1483 1256 1522 1332 in
1533 1257 1583 1356 jus

170 1391 296 1468 vocari
314 1389 445 1467 licere:
474 1389 561 1490 quia
589 1389 718 1465 domus
746 1385 970 1463 tutissimum
997 1383 1130 1482 cuique
1157 1383 1372 1482 refugium
1402 1392 1582 1482 atquem

171 1517 407 1620 ceptaculum
425 1516 492 1592 sit:
521 1541 698 1616 eumque,
728 1514 790 1614 qui
809 1512 896 1587 inde
915 1511 955 1585 in
968 1509 1031 1610 jus
1050 1520 1223 1605 vocaret,
1258 1511 1351 1586 vim
1373 1510 1523 1587 inferre
1540 1507 1581 1581 vi-

170 1641 286 1719 deri.“
317 1637 492 1740 (Gaius
521 1639 621 1716 Lib.
641 1641 669 1716 Ι.
699 1637 754 1716 ad
785 1639 943 1735 legem
969 1634 1422 1714 XILTabularum.
1446 1636 1525 1713 ·De
1546 1632 1581 1707 in

166 1768 246 1870 jus
277 1765 533 1857 vocando.)

279 1889 379 1989 ,sed
398 1890 429 1967 si
449 1891 590 1968 aditum
609 1890 656 1967 ad
676 1914 715 1965 se
735 1898 919 1990 praestet,
947 1897 1012 1963 aut
1040 1912 1086 1963 ex
1114 1886 1272 1986 publico
1295 1888 1581 1991 conspiciatur:

169 2027 269 2093 recte
297 2014 420 2117 injus
448 2040 532 2093 eum
561 2013 687 2091 vocari
716 2013 892 2089 Julianus
920 2012 1007 2088 ait.“
1057 2011 1265 2103 (Paulus
1311 2013 1430 2090 Lib.
1472 2015 1504 2090 Ι.
1539 2010 1581 2087 ad

173 2141 432 2235 Edictum.)

279 2266 424 2346 Eadem
451 2266 625 2367 leguntur
657 2266 696 2342 in
726 2265 878 2364 Eclogis
906 2262 1150 2340 Basilicorum
1186 2261 1301 2356 (Lib.
1340 2263 1443 2363 VH,
1476 2266 1531 2341 tit.
1557 2263 1579 2335 8.

169 2416 251 2498 cap.
271 2394 366 2488 tu).

279 2523 378 2599 Num
397 2529 521 2598 certus
540 2519 578 2594 in
591 2519 655 2620 jus
675 2517 834 2595 vocandi
854 2515 933 2593 dies
953 2515 1064 2592 fuerit
1081 2512 1330 2616 praefinitus,
1354 2542 1445 2593 non
1465 2515 1577 2617 liquet

21 2660 26 2668 '
172 2646 254 2748 Ego
272 2646 423 2748 quidem
441 2646 586 2747 opinor,
608 2642 828 2720 clarissimos
840 2642 939 2718 viros
958 2641 1192 2718 Meierum
1211 2649 1251 2714 et
1270 2638 1506 2719 Schoem
1518 2669 1576 2719 an·

172 2800 280 2851 num
306 2799 384 2850 non
412 2781 511 2848 recte
540 2778 703 2868 staurere
732 2765 907 2859 (Attisch.
930 2768 1098 2843 Process.
1118 2795 1154 2868 p.
1177 2765 1305 2862 579),
1340 2795 1438 2847 reos
1459 2771 1575 2873 quinta

171 2897 219 2975 ad
246 2922 432 2973 summum
459 2904 546 2971 ante
575 2893 738 2969 delatam
766 2894 951 2969 actionem
980 2893 1039 2969 die
1067 2891 1198 2969 citatos
1229 2891 1381 2992 fuisse,
1414 2922 1510 2971 nam
1526 2896 1574 2973 ler

170 3021 271 3123 apud
299 3018 593 3097 Demosthenem
623 3017 726 3111 (adv.
748 3018 939 3097 Macartat.
962 3019 1107 3113 1076),
1135 3017 1323 3118 adquam
1344 3033 1572 3122 provocant,

170 3145 390 3249 praescribit
410 3154 450 3218 ut
469 3168 581 3219 causa
599 3145 797 3239 orborum,
828 3145 1094 3245 epiclerorum,
1127 3143 1331 3221 viduarum
1362 3147 1570 3224 summatim

170 3281 368 3368 tractetur;
395 3294 472 3345 non
489 3279 616 3369 potest
635 3293 726 3370 ergo
746 3270 794 3346 ad
813 3270 1038 3347 ordinariam
1056 3270 1155 3347 viam
1165 3269 1266 3371 juris
1289 3271 1510 3374 applicari3
1535 3297 1569 3346 eo

169 3398 313 3494 minus,
342 3421 430 3473 cum
450 3395 580 3473 axilla
599 3396 683 3496 lege
702 3421 778 3472 non
798 3421 884 3498 pars
903 3397 1074 3497 litigans,
1106 3395 1171 3472 sed
1189 3396 1275 3497 ipse
1297 3399 1456 3476 archon
1474 3410 1568 3475 vocet

170 3524 209 3601 iu
221 3521 414 3623 judicium.
433 3564 485 3575 -
504 3520 630 3600 Nihilo
650 3521 787 3628 rectius
810 3533 977 3599 statuunt
997 3521 1199 3600 doctissimi
1217 3523 1293 3598 viri
1313 3522 1565 3628 Strepsiaden

171 3648 230 3742 (in
250 3649 422 3727 Nubibus
441 3646 702 3751 Aristophanis
731 3675 764 3722 v.
788 3649 887 3722 1131
912 3661 948 3726 et
970 3647 1094 3741 1221)
1122 3648 1252 3749 quinta
1283 3660 1380 3727 ante
1410 3650 1565 3729 ultimam

169 3773 308 3851 mensis
328 3773 424 3850 diem
442 3774 556 3877 injus
576 3785 750 3852 vocatum
772 3774 897 3850 fuisse.
936 3774 979 3852 Id
1004 3797 1241 3875 nequaquam
1258 3775 1445 3855 iudicant
1461 3775 1564 3853 verba

170 3899 413 4003 Strepsiadis,
442 3902 504 4003 qui
533 3902 681 3978 nonnisi
709 3915 880 3978 numerat
908 3912 998 4003 quot
1026 3900 1146 3976 adhuc
1173 3900 1250 3975 sint
1276 3901 1365 3980 dies
1387 3929 1508 4006 usque
1525 3902 1562 3978 ad

168 4037 335 4103 veterem
356 4035 394 4104 et
412 4052 570 4118 novum,
599 4052 663 4103 seu
692 4027 863 4103 ultimum
890 4026 1046 4118 mensis,
1077 4050 1194 4125 quemi
1211 4025 1349 4104 horret
1371 4040 1414 4105 et
1433 4030 1561 4107 abomi-

169 4160 299 4247 natur,
327 4150 358 4226 si
395 4150 493 4227 enim
532 4177 608 4227 non
636 4151 808 4246 solverit,
848 4153 1037 4228 minantur
1066 4150 1287 4228 creditores
1304 4178 1361 4231 se
1404 4180 1562 4233 nomen

169 4273 330 4376 ipsius
359 4272 620 4353 delaturos
649 4269 904 4373 (δικάσεσθαί
936 4276 1032 4368 φασί
1056 4302 1127 4373 μοι
1159 4301 1192 4353 v.
1224 4276 1384 4376 1141),
1423 4280 1562 4387 quiain

169 4398 338 4497 singulos
366 4424 512 4477 menses
540 4402 700 4502 pecunia
728 4401 837 4480 datur
864 4401 1005 4481 foenori
1035 4392 1142 4496 (ὁτιὴ
1167 4395 1273 4474 κατὰ
1289 4400 1408 4499 μῆνα
1426 4400 1562 4509 τάργύ-

169 4547 256 4617 ριον
275 4519 486 4615 δανείζεται
504 4556 539 4604 v.
561 4528 670 4622 756).
710 4528 884 4607 Hucdum
908 4554 997 4629 ergo
1025 4556 1102 4607 non
1131 4530 1200 4606 fuit
1229 4542 1403 4610 vocatus
1422 4536 1463 4610 in
1474 4531 1560 4638 judi·

170 4647 287 4749 cium;
315 4652 480 4754 alioquin
508 4653 652 4731 nullum
681 4655 864 4732 heberent
897 4679 1049 4732 sensum
1086 4656 1218 4732 Pasiae
1237 4658 1368 4738 verba
1394 4661 1560 4759 (1220-

173 4773 288 4852 1221.
307 4779 385 4868 v.):
413 4770 511 4849 ἀλλὰ
540 4774 739 4876 καλοῦμαι
757 4775 1003 4879 Στρεψιάδην
1030 4784 1068 4866 ἐς
1092 4773 1164 4870 τὴν
1188 4782 1287 4869 duur
1314 4808 1360 4860 te
1380 4790 1453 4862 nul
1471 4790 1560 4861 νέαν.

46 5033 50 5041 Ι
277 4916 432 4997 Accedit
450 4921 549 5021 quod
568 4921 608 4997 in
637 4919 824 5000 Avibus
854 4923 1116 5027 Aristophanis
1137 4925 1192 5018 (v.
1213 4923 1351 5025 1οΜ
1381 4932 1560 5037 inspector

150 5044 286 5125 'dicatz
314 5041 513 5142 καλοῦμαι
533 5048 819 5150 Ποιοθὲταιρον
847 5041 991 5146 ὕβρεως
1016 5053 1053 5133 ἐς
1071 5041 1143 5122 τὸν
1160 5050 1374 5157 Μοναὲὶὲά
1426 5050 1558 5141 Μὴ,

80 5210 83 5216 ·
167 5168 197 5250 J
197 5196 258 5250 am
277 5198 366 5249 vero
384 5171 634 5251 Bacchanalia
653 5173 814 5273 urbana,
845 5175 980 5277 quibus
999 5176 1092 5256 haec
1110 5164 1244 5261 fabule
