3404 5782
705 368 767 427 JUE
782 366 995 425 muntenni.

699 584 701 589 ’
805 563 893 641 400.

261 695 308 782 Οἱ
332 697 575 803 Εὐμολπίδαι
603 709 712 811 γένος
739 707 838 783 εἰσιν
866 693 943 781 ἀπά
975 699 1199 805 Εὐμολπου.
1240 693 1364 800 Οὗτοί
1383 704 1481 780 εἰσιν
1501 695 1539 778 ol

146 828 359 929 μυούντες·
389 837 435 907 ἐκ
455 829 606 908 τούτων
623 838 770 937 γίνεται
791 829 1008 932 δᾳδοῦχος,
1038 828 1272 931 ἱεροφάντης.

610 960 754 1055 (Schol.
773 932 817 1039 in*
832 960 1006 1039 Aeschin.
1024 960 1261 1064 (ltesiphont
1280 955 1314 1062 §r
1336 960 1431 1053 18.).

803 1120 891 1198 406.

258 1244 504 1350 Eumolpidae
523 1273 641 1350 genus
661 1247 802 1324 ducunt
820 1245 868 1324 ab
889 1245 1084 1349 Eumolpo.
1104 1247 1155 1324 lsi
1172 1246 1358 1350 mysteriis
1377 1246 1540 1345 initiunt,

152 1395 352 1471 eorumque
372 1399 392 1449 e
411 1399 550 1472 genere
570 1385 627 1451 est
645 1376 769 1451 facem
785 1370 931 1474 :gerens
950 1385 988 1449 et
1006 1372 1279 1475 hierophantes.

261 1672 307 1751 Ol
325 1664 572 1773 Εὐμολπίδαι
591 1681 679 1751 κατ’
699 1668 899 1778 ἀγράφους
918 1672 1061 1774 νόμους
1089 1670 1338 1778 ἐξηγοῦνται,
1366 1665 1436 1761 odia
1465 1668 1542 1750 οὐ·

152 1796 228 1889 δαίς
247 1831 304 1904 nor
323 1799 459 1901 κύριος
478 1807 627 1905 ἐγένετο
645 1805 834 1876 καθελεῖν
852 1796 941 1876 οὐδὲ
962 1799 1170 1900 ἐτόλμησεν
1198 1796 1412 1892 ἀντειπεῖν,
1446 1796 1540 1878 οὐδὲ

152 1914 277 2004 αὐτὸν
295 1914 368 2005 τάν
389 1933 506 2004 θέντα
527 1916 667 2005 ἴσασιν]
858 1931 1010 2036 (Lysias
1029 1957 1060 2008 c.
1080 1929 1261 2010 Andocid.
1281 1925 1315 2032 ξ
1338 1930 1431 2023 ld).

799 2094 890 2174 407.

257 2217 506 2328 Eumolpidae
534 2222 638 2322 leges
663 2249 745 2300 non
772 2221 930 2324 scriptas
957 2221 1270 2324 interpretantur,
1298 2243 1456 2321 quarum
1472 2243 1541 2295 au·
1616 2292 1619 2299 .

151 2343 359 2423 ctoritatem
376 2372 488 2424 nemo
507 2347 818 2449 unquampotuit
845 2346 1079 2442 convellere,
1105 2346 1240 2450 quibus
1259 2370 1369 2423 nemo
1390 2354 1541 2437 contra·

151 2468 282 2555 dicere¹
294 2497 404 2551 ausus
424 2484 500 2570 est,
520 2484 560 2551 et
577 2496 736 2574 quarum
753 2472 913 2549 latorem
930 2472 1079 2574 penitus
1097 2465 1323 2571 ignoramus.
1539 2467 1542 2471 ’

801 2635 890 2710 408.

213 2815 216 2822 -
252 2750 501 2854 Εὐμολπίδαι
529 2760 600 2832 καί
629 2753 801 2856 Κήρυκες
829 2763 873 2832 ἐν
899 2753 944 2853 τῇ
972 2752 1101 2852 τελετῇ
1125 2753 1206 2835 τῶν
1216 2758 1441 2859 μυστηρίων
1457 2765 1541 2844 τοῖς

148 2879 360 2980 βαρβάροις
386 2883 584 2986 εἴργεσθαι
603 2880 681 2957 τῶν
698 2881 831 2982 ἱερῶν,
861 2875 985 2980 ἀοπερ
1004 2893 1084 2970 τοῖς
1104 2877 1383 2981 ἀνδροφόνοις,
1414 2912 1541 2982 προα-

149 3004 389 3108 γορεύουσιν.
844 3011 1021 3109 Πεοοτοε.
1042 3011 1229 3114 Panegyr.
1250 3005 1284 3112 ξ.
1307 3012 1426 3103 157.).

664 3175 665 3178 ’
799 3171 888 3247 408.

257 3296 505 3399 Eumolpidae
524 3306 562 3374 et
579 3297 792 3375 Praedones
818 3296 858 3374 in
886 3299 982 3374 festo
1010 3298 1274 3398 mysteriorum
1302 3298 1435 3374 ceteris
1452 3297 1542 3376 bar·

148 3423 270 3520 baris,
290 3433 470 3524 tanquam
489 3422 705 3519 homicidis,
726 3425 841 3502 sacris
858 3423 1096 3500 interdicunt.

261 3706 314 3786 Τὸ
342 3707 422 3785 τῶν
447 3706 634 3809 κηρύκιον
661 3714 791 3812 γένος,
821 3707 925 3811 ἱερὸν
952 3711 1026 3808 μίν
1049 3702 1219 3810 Ἔρμοῦ,
1250 3705 1538 3809 κατακηρύτται

150 3831 189 3909 δὲ
210 3827 377 3930 ἡσυχίαν
396 3836 441 3911 δν
459 3865 498 3909 τε
517 3831 638 3945 ἀγῶσι
658 3840 727 3908 καί
748 3836 999 3938 ἱερουργίαις,
1028 3839 1097 3909 καί
1128 3832 1296 3922 σπονδάς
1324 3841 1540 3940 προαγγέλ-

149 3963 225 4050 λει,
255 3967 323 4036 καὶ
343 3960 561 4060 ἐκεγέίρίαν
578 3964 819 4064 ἐπαγγέλλει,
839 3963 908 4035 καί
927 3956 1019 4047 τούς
1038 3950 1252 4064 ἀγωνιστάς
1271 3955 1540 4061 ἀνακηρύττει.

1075 4087 1228 4184 (Pollux
1245 4086 1312 4186 IV,
1337 4079 1431 4183 91).

796 4199 886 4274 400.

167 4378 172 4395 .
205 4372 218 4390 «.
235 4379 239 4407 f
256 4319 492 4401 Praeconum
527 4347 648 4423 genus
681 4322 868 4401 Mercurio
896 4348 1044 4401 sacrum
1071 4336 1138 4401 est.
1186 4295 1384 4403 Silentium
1411 4336 1541 4402 autern

148 4446 364 4550 promulgat
382 4447 422 4523 in
441 4449 704 4525 certaminibus
725 4459 763 4525 et
785 4449 984 4526 sacrificiis.
1021 4449 1192 4526 Foedera
1209 4450 1300 4526 item
1320 4452 1540 4548 annunciat,

148 4571 317 4650 inducias
335 4574 467 4650 indicit
486 4586 524 4650 et
541 4586 743 4651 certatores
762 4573 946 4676 designat

795 4735 885 4813 410.

246 4852 331 4936 Ἢν
349 4851 370 4937 ὃ
390 4857 510 4958 κῆρυξ
529 4856 630 4934 κατά
649 4857 741 4950 τούς
759 4859 902 4961 νόμους
930 4850 1067 4956 φωνῆν
1098 4857 1254 4957 ἀφίησι,
1284 4859 1430 4954 ταύτην
1448 4893 1540 4939 κοι-

150 4984 223 5077 νὴν
240 4988 304 5079 τῆς
323 4984 504 5089 πατρίδος
524 4984 682 5062 δίκαιόν
700 4995 803 5064 ἐστιν
823 4981 1013 5092 ἡγεῖσθαι.

846 5118 1057 5212 (Demosth.
1076 5114 1121 5197 de
1140 5143 1288 5198 corona
1306 5119 1430 5215 280).
