3436 5790
562 415 872 468 COMMENTARIUS
893 414 944 464 nu
970 411 1049 465 nar.
1071 409 1149 465 1125.
1475 388 1550 465 561

743 601 819 684 Ac
839 603 973 684 1124.

268 745 461 822 Demosth.
483 773 512 822 c.
535 747 754 827 Aristocrat
776 748 853 823 634
866 778 881 827 ι,
894 745 972 823 τῶν
989 751 1035 820 ἐκ
1055 749 1237 843 προνοίας
1258 740 1551 839 (ἄποκτιννύντ

161 871 259 961 των)
279 864 500 965 δεδήμευται
522 869 568 946 τά
590 863 698 950 ὅντα.
729 874 823 968 (Qui
842 875 1012 955 consulto
1032 873 1186 950 eaedem
1205 875 1385 968 fecerunt,
1403 873 1552 961 illorum

162 1019 256 1096 opes
275 996 548 1096 publicantur.)

270 1119 403 1200 Suidas
420 1152 448 1199 s.
467 1151 501 1199 v.
521 1119 700 1216 κύφωνες
712 1155 724 1198 ··
742 1127 846 1226 ligna
865 1148 958 1226 quae
979 1126 1187 1202 cervicibus
1207 1123 1468 1202 damnatorum
1486 1124 1550 1198 im·

162 1257 371 1347 ponuntur,
400 1274 446 1323 ne
475 1262 589 1352 caput
615 1252 759 1352 erigere
787 1252 942 1352 possint.
982 1245 1131 1342 Κύφων
1160 1278 1249 1325 varo
1279 1261 1335 1327 est
1363 1249 1552 1329 vinculum

160 1371 337 1469 ligneum,
357 1374 457 1475 quod
477 1374 537 1450 alii
556 1375 707 1476 quidem
726 1370 880 1469 κλοιὸν,
900 1377 962 1453 alii
982 1402 1073 1453 vero
1091 1368 1234 1447 καλιὰν
1254 1386 1401 1453 vocant.
1421 1375 1552 1450 Dictus

161 1508 289 1573 autem·
303 1508 359 1575 est
380 1499 428 1575 ab
448 1525 492 1576 eo
513 1500 613 1600 quod
633 1512 688 1577 est
706 1497 873 1594 κύφειν,
903 1501 1003 1601 quod
1023 1503 1166 1577 vinctos
1186 1524 1366 1578 cernuare
1386 1500 1497 1598 cogit.

745 1713 972 1807 ΝΜΟ.

270 1875 377 1953 Plato
397 1877 488 1977 Leg.
508 1880 598 1972 869,
618 1879 669 1956 G:
697 1879 848 1953 κείσθω
868 1872 912 1967 δὴ
934 1874 989 1974 τῷ
1009 1880 1149 1973 πατέρα
1168 1869 1346 1974 ἢμητέρα
1366 1868 1553 1959 ἀποκτεί-

162 2023 274 2073 ναντι
295 1999 413 2098 θυμῷ
434 1997 604 2088 θάνατος
624 1993 645 2093 ἦ
668 2005 792 2100 ζημία.
822 2006 871 2081 Et
890 2003 993 2083 addit
1012 2003 1123 2096 (873,
1144 2002 1309 2096 h-B);
1325 2005 1389 2104 qui
1405 2014 1553 2105 patrem

163 2124 225 2202 vel
242 2137 399 2203 matrem
418 2130 478 2206 vel
497 2129 629 2208 fratres
648 2131 710 2207 vel
727 2128 865 2208 liberos
885 2129 1055 2205 consulto
1074 2129 1254 2207 occidisse
1276 2129 1466 2231 judicatus
1485 2139 1553 2223 est,

157 2250 328 2351 judicum
345 2255 505 2331 ministri
524 2267 562 2333 et
581 2257 820 2356 magistratus
838 2255 1082 2332 interfectum
1099 2254 1137 2330 in
1157 2266 1300 2333 certum
1318 2256 1471 2333 trivium
1490 2279 1552 2333 exe

161 2387 219 2453 tra
237 2379 370 2455 urbem
388 2380 563 2480 ejiciunto
583 2378 745 2475 nudum,
774 2381 1011 2480 magistratus
1039 2391 1164 2457 antem
1192 2407 1322 2460 omnes
1353 2381 1467 2458 totius
1487 2404 1552 2456 no·

162 2501 262 2579 mine
289 2504 469 2601 civitatis,
508 2505 671 2607 lapidem
699 2506 855 2607 quisque
884 2505 1010 2581 ferens
1038 2505 1078 2581 in
1105 2519 1219 2607 caput
1247 2507 1383 2584 mortui
1411 2506 1554 2607 injicito

161 2636 273 2728 atque
287 2628 344 2710 ¹ita
363 2638 481 2707 totam
507 2631 698 2709 civitatem
726 2629 899 2732 expiato,
928 2628 1062 2708 deinde
1086 2628 1135 2708 ad
1155 2632 1249 2708 fines
1268 2631 1434 2731 regionis
1453 2628 1553 2715 dela·

161 2762 240 2826 tum
259 2752 436 2853 ejiciunto
455 2754 694 2856 insepultum.

269 2877 400 2955 Cicero
429 2906 497 2981 pro
523 2878 608 2957 Sex.
632 2880 769 2957 Roscio
790 2878 966 2958 Amerino
985 2878 1109 2975 XXV,
1129 2881 1201 2957 70:
1232 2882 1555 2981 „Prudentissima

162 3002 294 3079 civitas
324 3003 627 3101 Atheniensium,
656 3005 745 3082 dum
775 3031 819 3113 ea
846 3030 971 3100 rerum
999 3007 1117 3108 potita
1145 3020 1221 3103 est,
1251 3008 1365 3086 fuisse
1384 3009 1552 3087 traditur.

163 3129 252 3230 Ejus
279 3156 390 3232 porro
420 3131 578 3209 civitatis
607 3131 923 3234 sapientissimum
952 3131 1080 3209 dicunt
1104 3129 1283 3210 Solonem
1302 3134 1440 3227 fuisse,
1468 3160 1553 3212 eum

163 3255 227 3355 qui
244 3254 368 3354 leges,
384 3257 534 3359 ¹quibus
552 3257 663 3335 hodie
688 3282 836 3360 quoque
864 3269 1038 3351 utuntur,
1069 3258 1268 3360 scripserit.
1306 3261 1345 3339 Is
1363 3284 1480 3363 quum
1496 3261 1553 3336 in·

162 3391 434 3482 terrogaretur‚
454 3409 521 3460 cur
540 3384 684 3460 nullum
702 3382 925 3485 supplicium
946 3382 1199 3461 constituisset
1217 3384 1256 3461 in
1276 3411 1382 3482 eum,
1405 3387 1467 3488 qui
1485 3411 1553 3488 pa·

162 3516 306 3583 rentem
325 3519 513 3604 necasset,
544 3508 734 3612 respondit
757 3533 797 3584 se
816 3506 854 3583 id
872 3509 1063 3584 neminem
1083 3509 1269 3588 facturum
1287 3524 1448 3614 putasse.
1486 3510 1553 3588 Sa·

161 3628 307 3731 pianter
335 3633 467 3710 fecisse
496 3632 651 3729 dicitur,
680 3658 795 3734 quum
824 3630 871 3708 de
900 3658 945 3708 eo
976 3633 1069 3710 nihil
1097 3636 1283 3730 sanxerit,
1312 3636 1414 3738 quod
1441 3646 1555 3712 antea

162 3760 401 3834 commissum
419 3772 613 3855 nouerat,
643 3785 691 3835 ne
720 3784 796 3834 non
823 3769 901 3834 tam
923 3756 1125 3860 prohibere
1144 3785 1257 3860 quam
1276 3762 1479 3839 admonere
1498 3759 1552 3835 vi-

161 3879 319 3957 deretur.
359 3882 508 3976 Quanto
537 3884 654 3960 nostri
684 3883 842 3984 majores
871 3882 1111 3983 sapientius?
1139 3887 1202 3987 qui
1231 3910 1346 3985 quum
1368 3885 1555 3986 intellige·

161 4018 244 4083 rent
263 4007 355 4084 nihil
374 4034 455 4085 esse
475 4023 552 4086 tam
569 4021 754 4100 sanctum,
775 4007 875 4109 quod
895 4032 972 4084 non
991 4009 1192 4108 aliquando
1212 4011 1370 4089 violaret
1389 4010 1553 4104 audacia,

160 4132 384 4236 supplicium
403 4134 442 4210 in
460 4134 663 4236 parricidas
682 4136 871 4236 singulare
891 4135 1212 4237 excogitaverunt,
1233 4147 1284 4232 ut,
1305 4163 1398 4238 quos
1416 4148 1552 4224 natura

159 4257 243 4358 ipsa
260 4259 419 4337 retinere
437 4261 478 4337 in
498 4261 621 4339 officio
649 4289 727 4339 non
754 4260 957 4363 potuisset,
987 4261 1246 4361 magnitudine
1269 4288 1415 4364 poenae
1434 4289 1457 4340 a
1476 4287 1552 4338 ma·

159 4381 277 4460 leficis
296 4400 627 4466 summoverentur.
664 4389 769 4466 Insui
789 4387 990 4464 voluerunt
1009 4386 1046 4461 in
1067 4386 1226 4465 culleum
1244 4388 1351 4466 vivos
1370 4399 1482 4490 atque
1501 4388 1555 4475 ita

160 4507 198 4582 in
218 4509 358 4586 flumen
378 4511 524 4614 dejici.“
1540 4496 1544 4503 Ι

269 4633 406 4713 Auctor
424 4637 472 4714 ad
490 4635 723 4716 Herennium
743 4638 794 4732 (1,
816 4636 877 4730 13,
899 4636 970 4730 23)
1000 4637 1090 4714 citat
1113 4637 1211 4714 hanc
1229 4639 1483 4721 Romanorum
1501 4641 1554 4717 le-

161 4782 267 4860 gem:
298 4762 361 4859 qui
380 4775 574 4862 parentem
593 4761 748 4841 necasse
771 4763 969 4864 judicatus.
983 4762 1072 4858 erit,
1103 4774 1143 4838 ut
1161 4763 1192 4839 is
1213 4764 1412 4845 obvolutus
1431 4775 1468 4842 et
1488 4764 1553 4841 ob·

160 4885 297 4985 ligatus
317 4889 419 4964 corio
439 4886 645 4965 devehatur
663 4888 704 4964 in
721 4889 978 4990 profluentem.

268 5012 442 5090 Dosithei
468 5014 636 5117 Magistr.
665 5014 821 5093 Adriani
850 5013 1030 5090 Sentent
1057 5010 1091 5116 ξ.
1122 5016 1194 5091 16:
1229 5010 1406 5117 Ἐγένετο
1436 5008 1556 5113 νόμας

163 5131 459 5233 τοιουτότροπος
487 5136 605 5224 πᾶσιν
634 5134 879 5237 ἀνθρώποις,
907 5131 1010 5226 ὅπως
1041 5133 1145 5224 ὅστις
1173 5142 1462 5236 πατροκτονίαν
1487 5169 1555 5215 πε-

1299 5264 1342 5329 36
