<?xml version="1.0" encoding="UTF-8"?>
<!DOCTYPE html PUBLIC "-//W3C//DTD XHTML 1.0 Transitional//EN"
    "http://www.w3.org/TR/xhtml1/DTD/xhtml1-transitional.dtd">
<html xmlns="http://www.w3.org/1999/xhtml" xml:lang="en" lang="en">
 <head>
  <title>
</title>
<meta http-equiv="Content-Type" content="text/html;charset=utf-8" />
  <meta name='ocr-system' content='tesseract 3.04.00' />
  <meta name='ocr-capabilities' content='ocr_page ocr_carea ocr_par ocr_line ocrx_word'/>
</head>
<body>
  <div class='ocr_page' id='page_1' title='image "./synaggtnattiknn00tlgoog_0634.png"; bbox 0 0 3404 5782; ppageno 0'>
   <div class='ocr_carea' id='block_1_1' title="bbox 615 332 1095 399">
    <p class='ocr_par' dir='ltr' id='par_1_1' title="bbox 615 332 1095 399">
     <span class='ocr_line' id='line_1_1' title="bbox 615 332 1095 399; baseline -0.006 -1"><span class='ocrx_word' id='word_1_1' title='bbox 615 332 924 399; x_wconf 76' lang='lat' dir='ltr'><strong>couaaarmuns</strong></span> <span class='ocrx_word' id='word_1_2' title='bbox 941 342 995 396; x_wconf 72' lang='lat' dir='ltr'><strong>an</strong></span> <span class='ocrx_word' id='word_1_3' title='bbox 1013 339 1095 395; x_wconf 78' lang='lat' dir='ltr'><strong>rasa.</strong></span> 
     </span>
    </p>
   </div>
   <div class='ocr_carea' id='block_1_2' title="bbox 132 584 1582 1107">
    <p class='ocr_par' dir='ltr' id='par_1_2' title="bbox 58 584 1582 1107">
     <span class='ocr_line' id='line_1_2' title="bbox 463 584 953 703; baseline -0.004 -31"><span class='ocrx_word' id='word_1_4' title='bbox 463 692 467 703; x_wconf 26' lang='grc' dir='ltr'><strong><em>ι</em></strong></span> <span class='ocrx_word' id='word_1_5' title='bbox 716 585 791 670; x_wconf 67' lang='grc' dir='ltr'>Μ</span> <span class='ocrx_word' id='word_1_6' title='bbox 811 584 953 670; x_wconf 74' lang='lat'><strong>1³02.</strong></span> 
     </span>
     <span class='ocr_line' id='line_1_3' title="bbox 246 736 1533 854; baseline -0.014 -19"><span class='ocrx_word' id='word_1_7' title='bbox 246 755 373 835; x_wconf 81' lang='lat' dir='ltr'><strong>isaeus</strong></span> <span class='ocrx_word' id='word_1_8' title='bbox 393 756 438 833; x_wconf 84' lang='lat' dir='ltr'><strong>de</strong></span> <span class='ocrx_word' id='word_1_9' title='bbox 458 756 628 854; x_wconf 74' lang='lat' dir='ltr'><strong>Hagniae</strong></span> <span class='ocrx_word' id='word_1_10' title='bbox 648 755 772 833; x_wconf 72' lang='lat' dir='ltr'><strong>hored</strong></span> <span class='ocrx_word' id='word_1_11' title='bbox 793 751 826 854; x_wconf 60' lang='grc' dir='ltr'><strong>ξ.</strong></span> <span class='ocrx_word' id='word_1_12' title='bbox 852 755 919 829; x_wconf 83' lang='lat'><strong>16:</strong></span> <span class='ocrx_word' id='word_1_13' title='bbox 949 755 1015 826; x_wconf 78' lang='lat' dir='ltr'><strong>xci</strong></span> <span class='ocrx_word' id='word_1_14' title='bbox 1042 752 1077 824; x_wconf 82' lang='lat' dir='ltr'><strong>ci</strong></span> <span class='ocrx_word' id='word_1_15' title='bbox 1108 745 1251 849; x_wconf 78' lang='grc' dir='ltr'><em>κύριοι</em></span> <span class='ocrx_word' id='word_1_16' title='bbox 1288 775 1364 837; x_wconf 81' lang='grc' dir='ltr'><strong>της</strong></span> <span class='ocrx_word' id='word_1_17' title='bbox 1389 736 1533 846; x_wconf 75' lang='lat' dir='ltr'><strong>‘Ayricr</strong></span> 
     </span>
     <span class='ocr_line' id='line_1_4' title="bbox 132 869 1581 976; baseline 0.001 -23.951"><span class='ocrx_word' id='word_1_18' title='bbox 132 873 275 976; x_wconf 76' lang='grc' dir='ltr'><strong><em>μητρός</em></strong></span> <span class='ocrx_word' id='word_1_19' title='bbox 296 869 391 967; x_wconf 73' lang='grc' dir='ltr'><strong>ἦσαν</strong></span> <span class='ocrx_word' id='word_1_20' title='bbox 412 874 504 952; x_wconf 77' lang='grc' dir='ltr'><em>οἷοί·</em></span> <span class='ocrx_word' id='word_1_21' title='bbox 521 909 557 953; x_wconf 77' lang='grc' dir='ltr'><strong>τε</strong></span> <span class='ocrx_word' id='word_1_22' title='bbox 586 876 677 976; x_wconf 80' lang='grc' dir='ltr'><strong><em>πρὸς</em></strong></span> <span class='ocrx_word' id='word_1_23' title='bbox 696 882 758 976; x_wconf 80' lang='grc' dir='ltr'><strong>ἐμὲ</strong></span> <span class='ocrx_word' id='word_1_24' title='bbox 778 873 1003 956; x_wconf 74' lang='grc' dir='ltr'><strong><em>ἀντιδικεῖν.</em></strong></span> <span class='ocrx_word' id='word_1_25' title='bbox 1042 878 1164 974; x_wconf 82' lang='lat' dir='ltr'><strong>Sane,</strong></span> <span class='ocrx_word' id='word_1_26' title='bbox 1188 886 1408 955; x_wconf 74' lang='lat' dir='ltr'><strong>curatores</strong></span> <span class='ocrx_word' id='word_1_27' title='bbox 1426 874 1532 947; x_wconf 74' lang='lat' dir='ltr'><strong>matris</strong></span> <span class='ocrx_word' id='word_1_28' title='bbox 1575 910 1581 953; x_wconf 83' lang='lat'><strong>:-</strong></span> 
     </span>
     <span class='ocr_line' id='line_1_5' title="bbox 137 998 1582 1107; baseline -0.009 -24"><span class='ocrx_word' id='word_1_29' title='bbox 137 1031 214 1083; x_wconf 88' lang='lat' dir='ltr'><strong>non</strong></span> <span class='ocrx_word' id='word_1_30' title='bbox 232 1008 442 1107; x_wconf 87' lang='lat' dir='ltr'><strong>potuissent</strong></span> <span class='ocrx_word' id='word_1_31' title='bbox 460 1031 543 1082; x_wconf 91' lang='lat' dir='ltr'><strong>cum</strong></span> <span class='ocrx_word' id='word_1_32' title='bbox 562 1007 687 1107; x_wconf 90' lang='lat' dir='ltr'><strong>aliquo</strong></span> <span class='ocrx_word' id='word_1_33' title='bbox 706 1005 752 1081; x_wconf 91' lang='lat' dir='ltr'><strong>de</strong></span> <span class='ocrx_word' id='word_1_34' title='bbox 772 1004 976 1082; x_wconf 88' lang='lat' dir='ltr'><strong>hereditate</strong></span> <span class='ocrx_word' id='word_1_35' title='bbox 1002 1001 1064 1080; x_wconf 89' lang='lat' dir='ltr'><strong>filii</strong></span> <span class='ocrx_word' id='word_1_36' title='bbox 1084 1000 1362 1092; x_wconf 82' lang='lat' dir='ltr'><strong>contendere,</strong></span> <span class='ocrx_word' id='word_1_37' title='bbox 1394 999 1427 1073; x_wconf 84' lang='lat' dir='ltr'><strong>si</strong></span> <span class='ocrx_word' id='word_1_38' title='bbox 1448 999 1534 1072; x_wconf 83' lang='lat' dir='ltr'><strong>matri</strong></span> <span class='ocrx_word' id='word_1_39' title='bbox 1576 998 1582 1041; x_wconf 79' lang='lat'>²</span> 
     </span>
    </p>
   </div>
   <div class='ocr_carea' id='block_1_3' title="bbox 130 1124 1583 1984">
    <p class='ocr_par' dir='ltr' id='par_1_3' title="bbox 130 1124 1583 1984">
     <span class='ocr_line' id='line_1_6' title="bbox 136 1124 1533 1232; baseline -0.008 -25"><span class='ocrx_word' id='word_1_40' title='bbox 136 1130 280 1207; x_wconf 89' lang='lat' dir='ltr'><strong>nullum</strong></span> <span class='ocrx_word' id='word_1_41' title='bbox 292 1133 355 1232; x_wconf 91' lang='lat' dir='ltr'><strong>jus</strong></span> <span class='ocrx_word' id='word_1_42' title='bbox 374 1133 506 1208; x_wconf 81' lang='lat' dir='ltr'><strong>fmsset</strong></span> <span class='ocrx_word' id='word_1_43' title='bbox 525 1129 572 1206; x_wconf 89' lang='lat' dir='ltr'><strong>ad</strong></span> <span class='ocrx_word' id='word_1_44' title='bbox 592 1131 656 1206; x_wconf 89' lang='lat' dir='ltr'><strong>filii</strong></span> <span class='ocrx_word' id='word_1_45' title='bbox 676 1127 928 1207; x_wconf 80' lang='lat' dir='ltr'><strong>hereditatem.</strong></span> <span class='ocrx_word' id='word_1_46' title='bbox 949 1129 1030 1207; x_wconf 91' lang='lat' dir='ltr'><strong>Hoc</strong></span> <span class='ocrx_word' id='word_1_47' title='bbox 1050 1140 1179 1205; x_wconf 88' lang='lat' dir='ltr'><strong>tamen</strong></span> <span class='ocrx_word' id='word_1_48' title='bbox 1194 1128 1269 1228; x_wconf 82' lang='lat' dir='ltr'><strong>jus</strong></span> <span class='ocrx_word' id='word_1_49' title='bbox 1292 1124 1456 1200; x_wconf 86' lang='lat' dir='ltr'><strong>nonnisi</strong></span> <span class='ocrx_word' id='word_1_50' title='bbox 1465 1135 1533 1197; x_wconf 79' lang='lat' dir='ltr'><strong>tnnc</strong></span> 
     </span>
     <span class='ocr_line' id='line_1_7' title="bbox 135 1246 1582 1354; baseline -0.003 -24"><span class='ocrx_word' id='word_1_51' title='bbox 135 1253 318 1350; x_wconf 80' lang='lat' dir='ltr'><strong>habebat,</strong></span> <span class='ocrx_word' id='word_1_52' title='bbox 356 1257 387 1332; x_wconf 89' lang='lat' dir='ltr'><strong>si</strong></span> <span class='ocrx_word' id='word_1_53' title='bbox 423 1255 519 1331; x_wconf 83' lang='lat' dir='ltr'><strong>filius</strong></span> <span class='ocrx_word' id='word_1_54' title='bbox 546 1254 631 1351; x_wconf 85' lang='lat' dir='ltr'><strong>lege</strong></span> <span class='ocrx_word' id='word_1_55' title='bbox 659 1254 909 1354; x_wconf 84' lang='lat' dir='ltr'><strong>praescriptos</strong></span> <span class='ocrx_word' id='word_1_56' title='bbox 937 1252 1093 1330; x_wconf 88' lang='lat' dir='ltr'><strong>heredes</strong></span> <span class='ocrx_word' id='word_1_57' title='bbox 1121 1277 1203 1328; x_wconf 91' lang='lat' dir='ltr'><strong>non</strong></span> <span class='ocrx_word' id='word_1_58' title='bbox 1239 1248 1428 1327; x_wconf 84' lang='lat' dir='ltr'><strong>haberet</strong></span> <span class='ocrx_word' id='word_1_59' title='bbox 1467 1246 1536 1325; x_wconf 73' lang='lat' dir='ltr'><strong>lde</strong></span> <span class='ocrx_word' id='word_1_60' title='bbox 1578 1246 1582 1309; x_wconf 71' lang='grc' dir='ltr'><strong>ἓ</strong></span> 
     </span>
     <span class='ocr_line' id='line_1_8' title="bbox 135 1358 1582 1478; baseline -0.005 -22"><span class='ocrx_word' id='word_1_61' title='bbox 135 1378 226 1456; x_wconf 88' lang='lat' dir='ltr'><strong>dicit</strong></span> <span class='ocrx_word' id='word_1_62' title='bbox 244 1392 390 1475; x_wconf 85' lang='lat' dir='ltr'><strong>orator,</strong></span> <span class='ocrx_word' id='word_1_63' title='bbox 419 1380 547 1457; x_wconf 90' lang='lat' dir='ltr'><strong>matris</strong></span> <span class='ocrx_word' id='word_1_64' title='bbox 575 1404 659 1455; x_wconf 88' lang='lat' dir='ltr'><strong>cum</strong></span> <span class='ocrx_word' id='word_1_65' title='bbox 687 1379 765 1457; x_wconf 88' lang='lat' dir='ltr'><strong>filio</strong></span> <span class='ocrx_word' id='word_1_66' title='bbox 793 1381 1057 1478; x_wconf 77' lang='lat' dir='ltr'><strong>cognationem</strong></span> <span class='ocrx_word' id='word_1_67' title='bbox 1085 1376 1264 1456; x_wconf 88' lang='lat' dir='ltr'><strong>omnium</strong></span> <span class='ocrx_word' id='word_1_68' title='bbox 1298 1374 1536 1451; x_wconf 84' lang='lat' dir='ltr'><strong>arctissimam</strong></span> <span class='ocrx_word' id='word_1_69' title='bbox 1578 1358 1582 1421; x_wconf 67' lang='grc' dir='ltr'><strong>Ῑ</strong></span> 
     </span>
     <span class='ocr_line' id='line_1_9' title="bbox 135 1502 1583 1606; baseline -0.006 -24"><span class='ocrx_word' id='word_1_70' title='bbox 135 1530 237 1599; x_wconf 86' lang='lat' dir='ltr'><strong>esse,</strong></span> <span class='ocrx_word' id='word_1_71' title='bbox 266 1531 397 1583; x_wconf 85' lang='lat' dir='ltr'><strong>verum</strong></span> <span class='ocrx_word' id='word_1_72' title='bbox 415 1506 453 1582; x_wconf 90' lang='lat' dir='ltr'><strong>in</strong></span> <span class='ocrx_word' id='word_1_73' title='bbox 471 1505 652 1606; x_wconf 78' lang='lat' dir='ltr'><strong>gradibus</strong></span> <span class='ocrx_word' id='word_1_74' title='bbox 676 1506 1011 1605; x_wconf 78' lang='lat' dir='ltr'><strong>consanguinitatis</strong></span> <span class='ocrx_word' id='word_1_75' title='bbox 1033 1503 1156 1602; x_wconf 85' lang='lat' dir='ltr'><strong>alege</strong></span> <span class='ocrx_word' id='word_1_76' title='bbox 1179 1502 1419 1578; x_wconf 86' lang='lat' dir='ltr'><strong>constitutis</strong></span> <span class='ocrx_word' id='word_1_77' title='bbox 1440 1503 1535 1598; x_wconf 81' lang='lat' dir='ltr'><strong>(ergo</strong></span> <span class='ocrx_word' id='word_1_78' title='bbox 1579 1502 1583 1529; x_wconf 88' lang='lat'><strong>¹</strong></span> 
     </span>
     <span class='ocr_line' id='line_1_10' title="bbox 133 1620 1536 1725; baseline -0.006 -19"><span class='ocrx_word' id='word_1_79' title='bbox 133 1630 173 1706; x_wconf 92' lang='lat' dir='ltr'><strong>in</strong></span> <span class='ocrx_word' id='word_1_80' title='bbox 192 1630 319 1708; x_wconf 88' lang='lat' dir='ltr'><strong>ordine</strong></span> <span class='ocrx_word' id='word_1_81' title='bbox 338 1632 574 1725; x_wconf 87' lang='lat' dir='ltr'><strong>hereditatis)</strong></span> <span class='ocrx_word' id='word_1_82' title='bbox 602 1632 709 1710; x_wconf 88' lang='lat' dir='ltr'><strong>aliter</strong></span> <span class='ocrx_word' id='word_1_83' title='bbox 727 1658 805 1709; x_wconf 90' lang='lat' dir='ltr'><strong>rem</strong></span> <span class='ocrx_word' id='word_1_84' title='bbox 823 1657 863 1709; x_wconf 85' lang='lat' dir='ltr'><strong>se</strong></span> <span class='ocrx_word' id='word_1_85' title='bbox 883 1630 1031 1710; x_wconf 88' lang='lat' dir='ltr'><strong>habere.</strong></span> <span class='ocrx_word' id='word_1_86' title='bbox 1071 1630 1234 1724; x_wconf 79' lang='grc' dir='ltr'><strong><em>Μητέρα</em></strong></span> <span class='ocrx_word' id='word_1_87' title='bbox 1257 1620 1373 1700; x_wconf 81' lang='grc' dir='ltr'><strong><em>εἶναι</em></strong></span> <span class='ocrx_word' id='word_1_88' title='bbox 1395 1623 1473 1699; x_wconf 73' lang='grc' dir='ltr'><strong>τοῦ</strong></span> <span class='ocrx_word' id='word_1_89' title='bbox 1489 1655 1536 1697; x_wconf 79' lang='lat' dir='ltr'><strong>n-</strong></span> 
     </span>
     <span class='ocr_line' id='line_1_11' title="bbox 135 1736 1580 1860; baseline -0.003 -33"><span class='ocrx_word' id='word_1_90' title='bbox 135 1751 385 1846; x_wconf 72' lang='grc' dir='ltr'><em>λευτήσαντος</em></span> <span class='ocrx_word' id='word_1_91' title='bbox 400 1745 705 1860; x_wconf 67' lang='grc' dir='ltr'><em>’συγγενέστατον</em></span> <span class='ocrx_word' id='word_1_92' title='bbox 719 1753 794 1851; x_wconf 74' lang='grc' dir='ltr'><strong>μὲν</strong></span> <span class='ocrx_word' id='word_1_93' title='bbox 813 1752 859 1850; x_wconf 70' lang='grc' dir='ltr'><strong>τῇ</strong></span> <span class='ocrx_word' id='word_1_94' title='bbox 876 1750 989 1849; x_wconf 78' lang='grc' dir='ltr'><strong><em>φύσει</em></strong></span> <span class='ocrx_word' id='word_1_95' title='bbox 1012 1750 1191 1839; x_wconf 74' lang='grc' dir='ltr'><strong><em>πάντων,</em></strong></span> <span class='ocrx_word' id='word_1_96' title='bbox 1223 1756 1274 1826; x_wconf 78' lang='grc' dir='ltr'><strong>ἐν</strong></span> <span class='ocrx_word' id='word_1_97' title='bbox 1309 1747 1354 1826; x_wconf 80' lang='grc' dir='ltr'><strong>δὲ</strong></span> <span class='ocrx_word' id='word_1_98' title='bbox 1376 1760 1463 1837; x_wconf 81' lang='grc' dir='ltr'><strong><em>ταῖς</em></strong></span> <span class='ocrx_word' id='word_1_99' title='bbox 1480 1745 1537 1854; x_wconf 69' lang='lat' dir='ltr'><strong>‹iy—</strong></span> <span class='ocrx_word' id='word_1_100' title='bbox 1577 1736 1580 1749; x_wconf 51' lang='lat'>⁴</span> 
     </span>
     <span class='ocr_line' id='line_1_12' title="bbox 130 1871 1064 1984; baseline 0.003 -33"><span class='ocrx_word' id='word_1_101' title='bbox 130 1883 317 1974; x_wconf 75' lang='grc' dir='ltr'><em>χιοτείαις</em></span> <span class='ocrx_word' id='word_1_102' title='bbox 337 1871 654 1984; x_wconf 73' lang='grc' dir='ltr'><em>ὁμολογουμένως</em></span> <span class='ocrx_word' id='word_1_103' title='bbox 673 1872 751 1953; x_wconf 81' lang='grc' dir='ltr'><strong>οὐκ</strong></span> <span class='ocrx_word' id='word_1_104' title='bbox 771 1878 873 1953; x_wconf 69' lang='grc' dir='ltr'><strong><em>ἔστιν</em></strong></span> <span class='ocrx_word' id='word_1_105' title='bbox 894 1876 949 1981; x_wconf 64' lang='grc' dir='ltr'><strong>(ξ.</strong></span> <span class='ocrx_word' id='word_1_106' title='bbox 973 1878 1064 1973; x_wconf 66' lang='grc'><strong>17.)</strong></span> 
     </span>
    </p>
   </div>
   <div class='ocr_carea' id='block_1_4' title="bbox 9 2021 1542 3350">
    <p class='ocr_par' dir='ltr' id='par_1_4' title="bbox 134 2021 1538 2375">
     <span class='ocr_line' id='line_1_13' title="bbox 242 2021 1538 2123; baseline -0.006 -20"><span class='ocrx_word' id='word_1_107' title='bbox 242 2023 364 2103; x_wconf 79' lang='lat' dir='ltr'><strong>Etiam</strong></span> <span class='ocrx_word' id='word_1_108' title='bbox 383 2051 430 2100; x_wconf 84' lang='lat' dir='ltr'><strong>ex</strong></span> <span class='ocrx_word' id='word_1_109' title='bbox 449 2033 670 2123; x_wconf 85' lang='lat' dir='ltr'><strong>argumento</strong></span> <span class='ocrx_word' id='word_1_110' title='bbox 690 2021 868 2098; x_wconf 90' lang='lat' dir='ltr'><strong>orationis</strong></span> <span class='ocrx_word' id='word_1_111' title='bbox 895 2023 991 2101; x_wconf 87' lang='lat' dir='ltr'><strong>Isaei</strong></span> <span class='ocrx_word' id='word_1_112' title='bbox 1016 2021 1062 2098; x_wconf 88' lang='lat' dir='ltr'><strong>de</strong></span> <span class='ocrx_word' id='word_1_113' title='bbox 1091 2021 1317 2098; x_wconf 79' lang='lat' dir='ltr'><strong>Aristarchi</strong></span> <span class='ocrx_word' id='word_1_114' title='bbox 1338 2021 1538 2097; x_wconf 83' lang='lat' dir='ltr'><strong>hereditate</strong></span> 
     </span>
     <span class='ocr_line' id='line_1_14' title="bbox 134 2142 1538 2249; baseline -0.002 -25"><span class='ocrx_word' id='word_1_115' title='bbox 134 2159 291 2242; x_wconf 87' lang='lat' dir='ltr'><strong>constat,</strong></span> <span class='ocrx_word' id='word_1_116' title='bbox 311 2159 467 2225; x_wconf 86' lang='lat' dir='ltr'><strong>matrem</strong></span> <span class='ocrx_word' id='word_1_117' title='bbox 482 2149 545 2249; x_wconf 89' lang='lat' dir='ltr'><strong>jus</strong></span> <span class='ocrx_word' id='word_1_118' title='bbox 563 2145 806 2224; x_wconf 86' lang='lat' dir='ltr'><strong>successionis</strong></span> <span class='ocrx_word' id='word_1_119' title='bbox 826 2145 1023 2241; x_wconf 79' lang='lat' dir='ltr'><strong>habuisse3</strong></span> <span class='ocrx_word' id='word_1_120' title='bbox 1051 2142 1306 2224; x_wconf 79' lang='lat' dir='ltr'><strong>Aristarchus</strong></span> <span class='ocrx_word' id='word_1_121' title='bbox 1328 2150 1441 2224; x_wconf 90' lang='lat' dir='ltr'><strong>enim</strong></span> <span class='ocrx_word' id='word_1_122' title='bbox 1460 2147 1538 2223; x_wconf 82' lang='lat' dir='ltr'><strong>libe·</strong></span> 
     </span>
     <span class='ocr_line' id='line_1_15' title="bbox 134 2257 1538 2375; baseline 0 -27"><span class='ocrx_word' id='word_1_123' title='bbox 134 2264 258 2348; x_wconf 84' lang='lat' dir='ltr'><strong>rorum</strong></span> <span class='ocrx_word' id='word_1_124' title='bbox 279 2286 436 2374; x_wconf 87' lang='lat' dir='ltr'><strong>quatuor</strong></span> <span class='ocrx_word' id='word_1_125' title='bbox 455 2257 569 2375; x_wconf 78' lang='lat' dir='ltr'><strong>pater,</strong></span> <span class='ocrx_word' id='word_1_126' title='bbox 590 2271 788 2374; x_wconf 84' lang='lat' dir='ltr'><strong>Oyronidis</strong></span> <span class='ocrx_word' id='word_1_127' title='bbox 808 2279 846 2347; x_wconf 89' lang='lat' dir='ltr'><strong>et</strong></span> <span class='ocrx_word' id='word_1_128' title='bbox 855 2268 1098 2347; x_wconf 86' lang='lat' dir='ltr'><strong>Democharis</strong></span> <span class='ocrx_word' id='word_1_129' title='bbox 1118 2282 1156 2345; x_wconf 92' lang='lat' dir='ltr'><strong>et</strong></span> <span class='ocrx_word' id='word_1_130' title='bbox 1174 2272 1322 2347; x_wconf 84' lang='lat' dir='ltr'><strong>matris</strong></span> <span class='ocrx_word' id='word_1_131' title='bbox 1343 2273 1451 2350; x_wconf 89' lang='lat' dir='ltr'><strong>hanc</strong></span> <span class='ocrx_word' id='word_1_132' title='bbox 1470 2299 1538 2348; x_wconf 89' lang='lat' dir='ltr'><strong>ora-</strong></span> 
     </span>
    </p>

    <p class='ocr_par' dir='ltr' id='par_1_5' title="bbox 9 2394 1542 3350">
     <span class='ocr_line' id='line_1_16' title="bbox 41 2394 1537 2501; baseline 0.001 -30"><span class='ocrx_word' id='word_1_133' title='bbox 41 2480 50 2497; x_wconf 88' lang='lat'><strong>.</strong></span> <span class='ocrx_word' id='word_1_134' title='bbox 114 2398 276 2497; x_wconf 66' lang='lat' dir='ltr'><strong>⁴tionem</strong></span> <span class='ocrx_word' id='word_1_135' title='bbox 293 2399 466 2475; x_wconf 88' lang='lat' dir='ltr'><strong>habentis</strong></span> <span class='ocrx_word' id='word_1_136' title='bbox 486 2411 525 2474; x_wconf 91' lang='lat' dir='ltr'><strong>et</strong></span> <span class='ocrx_word' id='word_1_137' title='bbox 543 2399 637 2475; x_wconf 88' lang='lat' dir='ltr'><strong>alius</strong></span> <span class='ocrx_word' id='word_1_138' title='bbox 657 2397 826 2501; x_wconf 82' lang='lat' dir='ltr'><strong>puellae,</strong></span> <span class='ocrx_word' id='word_1_139' title='bbox 856 2395 976 2473; x_wconf 89' lang='lat' dir='ltr'><strong>adhuc</strong></span> <span class='ocrx_word' id='word_1_140' title='bbox 997 2397 1128 2472; x_wconf 87' lang='lat' dir='ltr'><strong>vivens</strong></span> <span class='ocrx_word' id='word_1_141' title='bbox 1147 2394 1411 2497; x_wconf 79' lang='lat' dir='ltr'><strong>Cyrenidem</strong></span> <span class='ocrx_word' id='word_1_142' title='bbox 1430 2400 1469 2476; x_wconf 90' lang='lat' dir='ltr'><strong>in</strong></span> <span class='ocrx_word' id='word_1_143' title='bbox 1488 2398 1537 2476; x_wconf 84' lang='lat' dir='ltr'><strong>he·</strong></span> 
     </span>
     <span class='ocr_line' id='line_1_17' title="bbox 40 2504 1540 2622; baseline -0.002 -22"><span class='ocrx_word' id='word_1_144' title='bbox 40 2504 45 2511; x_wconf 38' lang='lat'><strong>¹</strong></span> <span class='ocrx_word' id='word_1_145' title='bbox 134 2521 328 2603; x_wconf 86' lang='lat' dir='ltr'><strong>reditatem</strong></span> <span class='ocrx_word' id='word_1_146' title='bbox 356 2524 416 2598; x_wconf 90' lang='lat' dir='ltr'><strong>avi</strong></span> <span class='ocrx_word' id='word_1_147' title='bbox 445 2524 603 2600; x_wconf 89' lang='lat' dir='ltr'><strong>materni</strong></span> <span class='ocrx_word' id='word_1_148' title='bbox 631 2522 840 2600; x_wconf 89' lang='lat' dir='ltr'><strong>Xenaeneti</strong></span> <span class='ocrx_word' id='word_1_149' title='bbox 868 2519 1080 2621; x_wconf 89' lang='lat' dir='ltr'><strong>adoptavit,</strong></span> <span class='ocrx_word' id='word_1_150' title='bbox 1111 2521 1287 2622; x_wconf 88' lang='lat' dir='ltr'><strong>reliquos</strong></span> <span class='ocrx_word' id='word_1_151' title='bbox 1322 2548 1424 2601; x_wconf 86' lang='lat' dir='ltr'><strong>vero</strong></span> <span class='ocrx_word' id='word_1_152' title='bbox 1457 2524 1540 2600; x_wconf 82' lang='lat' dir='ltr'><strong>filios</strong></span> 
     </span>
     <span class='ocr_line' id='line_1_18' title="bbox 17 2645 1541 2750; baseline 0.005 -29"><span class='ocrx_word' id='word_1_153' title='bbox 17 2672 29 2684; x_wconf 90' lang='grc'><strong>··</strong></span> <span class='ocrx_word' id='word_1_154' title='bbox 133 2648 213 2750; x_wconf 90' lang='lat' dir='ltr'><strong>ipse</strong></span> <span class='ocrx_word' id='word_1_155' title='bbox 234 2648 304 2725; x_wconf 88' lang='lat' dir='ltr'><strong>sibi</strong></span> <span class='ocrx_word' id='word_1_156' title='bbox 324 2647 477 2725; x_wconf 84' lang='lat' dir='ltr'><strong>heredes</strong></span> <span class='ocrx_word' id='word_1_157' title='bbox 500 2648 658 2749; x_wconf 90' lang='lat' dir='ltr'><strong>reliquit.</strong></span> <span class='ocrx_word' id='word_1_158' title='bbox 697 2647 834 2722; x_wconf 89' lang='lat' dir='ltr'><strong>Postea</strong></span> <span class='ocrx_word' id='word_1_159' title='bbox 852 2645 1100 2723; x_wconf 89' lang='lat' dir='ltr'><strong>Demochares</strong></span> <span class='ocrx_word' id='word_1_160' title='bbox 1129 2647 1215 2723; x_wconf 88' lang='lat' dir='ltr'><strong>sine</strong></span> <span class='ocrx_word' id='word_1_161' title='bbox 1249 2647 1350 2725; x_wconf 87' lang='lat' dir='ltr'><strong>filiis</strong></span> <span class='ocrx_word' id='word_1_162' title='bbox 1382 2659 1541 2727; x_wconf 80' lang='lat' dir='ltr'><strong>mortua</strong></span> 
     </span>
     <span class='ocr_line' id='line_1_19' title="bbox 129 2771 1541 2876; baseline 0.001 -25"><span class='ocrx_word' id='word_1_163' title='bbox 129 2785 212 2866; x_wconf 82' lang='lat' dir='ltr'><strong>est,</strong></span> <span class='ocrx_word' id='word_1_164' title='bbox 241 2785 278 2851; x_wconf 90' lang='lat' dir='ltr'><strong>et</strong></span> <span class='ocrx_word' id='word_1_165' title='bbox 297 2774 373 2850; x_wconf 89' lang='lat' dir='ltr'><strong>filia</strong></span> <span class='ocrx_word' id='word_1_166' title='bbox 391 2775 470 2873; x_wconf 87' lang='lat' dir='ltr'><strong>ejus</strong></span> <span class='ocrx_word' id='word_1_167' title='bbox 490 2774 601 2850; x_wconf 87' lang='lat' dir='ltr'><strong>unica</strong></span> <span class='ocrx_word' id='word_1_168' title='bbox 619 2774 754 2875; x_wconf 87' lang='lat' dir='ltr'><strong>etipsa</strong></span> <span class='ocrx_word' id='word_1_169' title='bbox 772 2798 920 2874; x_wconf 91' lang='lat' dir='ltr'><strong>quoque</strong></span> <span class='ocrx_word' id='word_1_170' title='bbox 939 2773 1018 2848; x_wconf 90' lang='lat' dir='ltr'><strong>sine</strong></span> <span class='ocrx_word' id='word_1_171' title='bbox 1038 2771 1184 2849; x_wconf 87' lang='lat' dir='ltr'><strong>liberis:</strong></span> <span class='ocrx_word' id='word_1_172' title='bbox 1219 2774 1420 2854; x_wconf 88' lang='lat' dir='ltr'><strong>universa</strong></span> <span class='ocrx_word' id='word_1_173' title='bbox 1439 2778 1541 2876; x_wconf 83' lang='lat' dir='ltr'><strong>igitur</strong></span> 
     </span>
     <span class='ocr_line' id='line_1_20' title="bbox 9 2896 1540 3001; baseline 0 -26"><span class='ocrx_word' id='word_1_174' title='bbox 9 2957 13 2964; x_wconf 85' lang='lat'><strong>.</strong></span> <span class='ocrx_word' id='word_1_175' title='bbox 134 2898 320 2977; x_wconf 86' lang='lat' dir='ltr'><strong>hereditas</strong></span> <span class='ocrx_word' id='word_1_176' title='bbox 351 2901 487 3001; x_wconf 87' lang='lat' dir='ltr'><strong>juste</strong></span> <span class='ocrx_word' id='word_1_177' title='bbox 524 2901 571 2975; x_wconf 92' lang='lat' dir='ltr'><strong>in</strong></span> <span class='ocrx_word' id='word_1_178' title='bbox 599 2913 802 2977; x_wconf 86' lang='lat' dir='ltr'><strong>matrem</strong></span> <span class='ocrx_word' id='word_1_179' title='bbox 837 2896 1022 2977; x_wconf 88' lang='lat' dir='ltr'><strong>recidit</strong></span> <span class='ocrx_word' id='word_1_180' title='bbox 1049 2897 1145 2974; x_wconf 91' lang='lat' dir='ltr'><strong>hanc</strong></span> <span class='ocrx_word' id='word_1_181' title='bbox 1183 2900 1422 2980; x_wconf 85' lang='lat' dir='ltr'><strong>orationem</strong></span> <span class='ocrx_word' id='word_1_182' title='bbox 1461 2904 1540 2980; x_wconf 83' lang='lat' dir='ltr'><strong>reci-</strong></span> 
     </span>
     <span class='ocr_line' id='line_1_21' title="bbox 133 3025 257 3101; baseline 0.008 -3"><span class='ocrx_word' id='word_1_183' title='bbox 133 3025 257 3101; x_wconf 86' lang='lat' dir='ltr'><strong>tantis.</strong></span> 
     </span>
     <span class='ocr_line' id='line_1_22' title="bbox 119 3138 1542 3250; baseline 0.004 -27"><span class='ocrx_word' id='word_1_184' title='bbox 119 3138 153 3216; x_wconf 46' lang='lat'><strong>⁴.</strong></span> <span class='ocrx_word' id='word_1_185' title='bbox 241 3149 444 3250; x_wconf 88' lang='lat' dir='ltr'><strong>Perperam</strong></span> <span class='ocrx_word' id='word_1_186' title='bbox 473 3151 585 3249; x_wconf 87' lang='lat' dir='ltr'><strong>igitur</strong></span> <span class='ocrx_word' id='word_1_187' title='bbox 613 3162 767 3227; x_wconf 87' lang='lat' dir='ltr'><strong>conatus</strong></span> <span class='ocrx_word' id='word_1_188' title='bbox 787 3161 845 3226; x_wconf 88' lang='lat' dir='ltr'><strong>est</strong></span> <span class='ocrx_word' id='word_1_189' title='bbox 863 3148 1078 3226; x_wconf 82' lang='lat' dir='ltr'><strong>Gansius</strong></span> <span class='ocrx_word' id='word_1_190' title='bbox 1103 3147 1300 3248; x_wconf 85' lang='lat' dir='ltr'><strong>probare,</strong></span> <span class='ocrx_word' id='word_1_191' title='bbox 1336 3156 1542 3232; x_wconf 88' lang='lat' dir='ltr'><strong>successio·</strong></span> 
     </span>
     <span class='ocr_line' id='line_1_23' title="bbox 134 3271 807 3350; baseline -0.003 0"><span class='ocrx_word' id='word_1_192' title='bbox 134 3299 220 3350; x_wconf 90' lang='lat' dir='ltr'><strong>nem</strong></span> <span class='ocrx_word' id='word_1_193' title='bbox 239 3275 366 3349; x_wconf 87' lang='lat' dir='ltr'><strong>matris</strong></span> <span class='ocrx_word' id='word_1_194' title='bbox 385 3271 509 3349; x_wconf 89' lang='lat' dir='ltr'><strong>locum</strong></span> <span class='ocrx_word' id='word_1_195' title='bbox 529 3301 604 3350; x_wconf 92' lang='lat' dir='ltr'><strong>non</strong></span> <span class='ocrx_word' id='word_1_196' title='bbox 624 3275 807 3350; x_wconf 85' lang='lat' dir='ltr'><strong>habuisse.</strong></span> 
     </span>
    </p>
   </div>
   <div class='ocr_carea' id='block_1_5' title="bbox 118 3414 1542 3643">
    <p class='ocr_par' dir='ltr' id='par_1_6' title="bbox 118 3361 1542 3643">
     <span class='ocr_line' id='line_1_24' title="bbox 240 3414 1542 3525; baseline 0.003 -31"><span class='ocrx_word' id='word_1_197' title='bbox 240 3418 297 3495; x_wconf 77' lang='lat' dir='ltr'><strong>Of.</strong></span> <span class='ocrx_word' id='word_1_198' title='bbox 317 3417 506 3494; x_wconf 87' lang='lat' dir='ltr'><strong>Bachof</strong></span> <span class='ocrx_word' id='word_1_199' title='bbox 515 3445 588 3494; x_wconf 90' lang='lat' dir='ltr'><strong>en:</strong></span> <span class='ocrx_word' id='word_1_200' title='bbox 617 3421 695 3496; x_wconf 89' lang='lat' dir='ltr'><strong>Das</strong></span> <span class='ocrx_word' id='word_1_201' title='bbox 715 3417 968 3496; x_wconf 88' lang='lat' dir='ltr'><strong>Mutterrecht.</strong></span> <span class='ocrx_word' id='word_1_202' title='bbox 998 3417 1090 3494; x_wconf 83' lang='lat' dir='ltr'><strong>Eine</strong></span> <span class='ocrx_word' id='word_1_203' title='bbox 1111 3414 1442 3525; x_wconf 86' lang='lat' dir='ltr'><strong>Untersuchung</strong></span> <span class='ocrx_word' id='word_1_204' title='bbox 1460 3427 1542 3503; x_wconf 85' lang='lat' dir='ltr'><strong>iiber</strong></span> 
     </span>
     <span class='ocr_line' id='line_1_25' title="bbox 118 3540 1178 3643; baseline -0.002 -26"><span class='ocrx_word' id='word_1_205' title='bbox 118 3542 192 3617; x_wconf 77' lang='lat' dir='ltr'><strong>die</strong></span> <span class='ocrx_word' id='word_1_206' title='bbox 213 3541 518 3643; x_wconf 78' lang='lat' dir='ltr'><strong>Gynaekolrratia</strong></span> <span class='ocrx_word' id='word_1_207' title='bbox 537 3545 603 3619; x_wconf 91' lang='lat' dir='ltr'><strong>der</strong></span> <span class='ocrx_word' id='word_1_208' title='bbox 622 3544 722 3620; x_wconf 88' lang='lat' dir='ltr'><strong>alten</strong></span> <span class='ocrx_word' id='word_1_209' title='bbox 740 3543 831 3620; x_wconf 89' lang='lat' dir='ltr'><strong>Zeit.</strong></span> <span class='ocrx_word' id='word_1_210' title='bbox 860 3542 1016 3643; x_wconf 81' lang='lat' dir='ltr'><strong>(Stuttg.</strong></span> <span class='ocrx_word' id='word_1_211' title='bbox 1040 3540 1178 3634; x_wconf 78' lang='lat'><strong>1861.)</strong></span> 
     </span>
    </p>
   </div>
   <div class='ocr_carea' id='block_1_6' title="bbox 241 3685 1052 3782">
    <p class='ocr_par' dir='ltr' id='par_1_7' title="bbox 241 3685 1052 3782">
     <span class='ocr_line' id='line_1_26' title="bbox 241 3685 1052 3782; baseline 0.001 -20"><span class='ocrx_word' id='word_1_212' title='bbox 241 3685 364 3782; x_wconf 79' lang='lat' dir='ltr'><strong>„Tota</strong></span> <span class='ocrx_word' id='word_1_213' title='bbox 382 3689 568 3765; x_wconf 88' lang='lat' dir='ltr'><strong>successio</strong></span> <span class='ocrx_word' id='word_1_214' title='bbox 588 3689 657 3765; x_wconf 90' lang='lat' dir='ltr'><strong>hac</strong></span> <span class='ocrx_word' id='word_1_215' title='bbox 675 3688 806 3766; x_wconf 91' lang='lat' dir='ltr'><strong>tabula</strong></span> <span class='ocrx_word' id='word_1_216' title='bbox 823 3691 1052 3766; x_wconf 87' lang='lat' dir='ltr'><strong>continetur:</strong></span> 
     </span>
    </p>
   </div>
   <div class='ocr_carea' id='block_1_7' title="bbox 238 3831 1544 3940">
    <p class='ocr_par' dir='ltr' id='par_1_8' title="bbox 238 3831 1544 3940">
     <span class='ocr_line' id='line_1_27' title="bbox 238 3831 1544 3940; baseline 0.005 -35"><span class='ocrx_word' id='word_1_217' title='bbox 238 3831 266 3905; x_wconf 91' lang='lat' dir='ltr'><strong>I.</strong></span> <span class='ocrx_word' id='word_1_218' title='bbox 296 3831 460 3910; x_wconf 89' lang='lat' dir='ltr'><strong>Vocatur</strong></span> <span class='ocrx_word' id='word_1_219' title='bbox 478 3831 598 3932; x_wconf 89' lang='lat' dir='ltr'><strong>primo</strong></span> <span class='ocrx_word' id='word_1_220' title='bbox 616 3832 696 3908; x_wconf 85' lang='lat' dir='ltr'><strong>icco</strong></span> <span class='ocrx_word' id='word_1_221' title='bbox 716 3831 762 3908; x_wconf 91' lang='lat' dir='ltr'><strong>ad</strong></span> <span class='ocrx_word' id='word_1_222' title='bbox 781 3832 1052 3908; x_wconf 87' lang='lat' dir='ltr'><strong>successionem</strong></span> <span class='ocrx_word' id='word_1_223' title='bbox 1068 3831 1189 3931; x_wconf 77' lang='lat' dir='ltr'><strong>ipsius</strong></span> <span class='ocrx_word' id='word_1_224' title='bbox 1204 3831 1401 3914; x_wconf 82' lang='lat' dir='ltr'><strong>defuncti</strong></span> <span class='ocrx_word' id='word_1_225' title='bbox 1422 3841 1544 3940; x_wconf 82' lang='lat' dir='ltr'><strong>stirps:</strong></span> 
     </span>
    </p>
   </div>
   <div class='ocr_carea' id='block_1_8' title="bbox 215 3955 1233 4164">
    <p class='ocr_par' dir='ltr' id='par_1_9' title="bbox 215 3955 1233 4164">
     <span class='ocr_line' id='line_1_28' title="bbox 215 3955 1233 4164; baseline -0.037 -37"><span class='ocrx_word' id='word_1_226' title='bbox 215 4011 217 4018; x_wconf 28' lang='grc' dir='ltr'>Ι</span> <span class='ocrx_word' id='word_1_227' title='bbox 347 3957 383 4138; x_wconf 61' lang='lat' dir='ltr'><strong>d.</strong></span> <span class='ocrx_word' id='word_1_228' title='bbox 411 3955 540 4160; x_wconf 48' lang='grc' dir='ltr'><strong>Ξέἷῗοέ,</strong></span> <span class='ocrx_word' id='word_1_229' title='bbox 563 3956 576 4164; x_wconf 59' lang='grc' dir='ltr'>ξ</span> <span class='ocrx_word' id='word_1_230' title='bbox 608 4023 765 4112; x_wconf 61' lang='lat' dir='ltr'><strong>¹¹⁸P⁰ie³</strong></span> <span class='ocrx_word' id='word_1_231' title='bbox 785 4037 830 4088; x_wconf 66' lang='lat' dir='ltr'><strong>ex</strong></span> <span class='ocrx_word' id='word_1_232' title='bbox 849 4010 894 4086; x_wconf 73' lang='lat' dir='ltr'><strong>iis</strong></span> <span class='ocrx_word' id='word_1_233' title='bbox 914 4020 1233 4113; x_wconf 82' lang='lat' dir='ltr'><strong>pronepotesque.</strong></span> 
     </span>
    </p>
   </div>
   <div class='ocr_carea' id='block_1_9' title="bbox 210 4204 1545 5186">
    <p class='ocr_par' dir='ltr' id='par_1_10' title="bbox 210 4204 1545 5186">
     <span class='ocr_line' id='line_1_29' title="bbox 221 4204 1545 4309; baseline 0.007 -27"><span class='ocrx_word' id='word_1_234' title='bbox 221 4204 269 4282; x_wconf 86' lang='grc' dir='ltr'><strong>ΙΙ.</strong></span> <span class='ocrx_word' id='word_1_235' title='bbox 297 4205 409 4282; x_wconf 88' lang='lat' dir='ltr'><strong>Pater</strong></span> <span class='ocrx_word' id='word_1_236' title='bbox 438 4207 574 4284; x_wconf 91' lang='lat' dir='ltr'><strong>deinde</strong></span> <span class='ocrx_word' id='word_1_237' title='bbox 603 4220 640 4283; x_wconf 88' lang='lat' dir='ltr'><strong>et</strong></span> <span class='ocrx_word' id='word_1_238' title='bbox 668 4210 733 4307; x_wconf 88' lang='lat' dir='ltr'><strong>qui</strong></span> <span class='ocrx_word' id='word_1_239' title='bbox 754 4232 809 4289; x_wconf 72' lang='lat' dir='ltr'><strong>ax</strong></span> <span class='ocrx_word' id='word_1_240' title='bbox 834 4208 949 4308; x_wconf 65' lang='lat' dir='ltr'><strong>sarpa</strong></span> <span class='ocrx_word' id='word_1_241' title='bbox 977 4219 1134 4309; x_wconf 86' lang='lat' dir='ltr'><strong>paterna</strong></span> <span class='ocrx_word' id='word_1_242' title='bbox 1162 4209 1246 4285; x_wconf 85' lang='lat' dir='ltr'><strong>sint</strong></span> <span class='ocrx_word' id='word_1_243' title='bbox 1279 4213 1327 4288; x_wconf 92' lang='lat' dir='ltr'><strong>in</strong></span> <span class='ocrx_word' id='word_1_244' title='bbox 1349 4216 1474 4295; x_wconf 89' lang='lat' dir='ltr'><strong>domo</strong></span> <span class='ocrx_word' id='word_1_245' title='bbox 1493 4217 1545 4292; x_wconf 82' lang='lat' dir='ltr'><strong>de·</strong></span> 
     </span>
     <span class='ocr_line' id='line_1_30' title="bbox 302 4331 439 4407; baseline 0.022 -3"><span class='ocrx_word' id='word_1_246' title='bbox 302 4331 439 4407; x_wconf 85' lang='lat' dir='ltr'><strong>functi:</strong></span> 
     </span>
     <span class='ocr_line' id='line_1_31' title="bbox 348 4458 1233 4561; baseline 0.006 -32"><span class='ocrx_word' id='word_1_247' title='bbox 348 4458 381 4532; x_wconf 85' lang='lat'><strong>1.</strong></span> <span class='ocrx_word' id='word_1_248' title='bbox 411 4459 521 4535; x_wconf 88' lang='lat' dir='ltr'><strong>Pater</strong></span> <span class='ocrx_word' id='word_1_249' title='bbox 539 4459 719 4561; x_wconf 83' lang='lat' dir='ltr'><strong>primum,</strong></span> <span class='ocrx_word' id='word_1_250' title='bbox 740 4459 872 4537; x_wconf 88' lang='lat' dir='ltr'><strong>deinde</strong></span> <span class='ocrx_word' id='word_1_251' title='bbox 892 4485 938 4537; x_wconf 82' lang='lat' dir='ltr'><strong>ex</strong></span> <span class='ocrx_word' id='word_1_252' title='bbox 957 4485 1001 4535; x_wconf 89' lang='lat' dir='ltr'><strong>eo</strong></span> <span class='ocrx_word' id='word_1_253' title='bbox 1021 4462 1233 4561; x_wconf 80' lang='lat' dir='ltr'><strong>procreati3</strong></span> 
     </span>
     <span class='ocr_line' id='line_1_32' title="bbox 346 4582 1201 4685; baseline 0.001 -29"><span class='ocrx_word' id='word_1_254' title='bbox 346 4585 381 4658; x_wconf 79' lang='lat'><strong>2.</strong></span> <span class='ocrx_word' id='word_1_255' title='bbox 410 4582 561 4660; x_wconf 83' lang='lat' dir='ltr'><strong>Fratres</strong></span> <span class='ocrx_word' id='word_1_256' title='bbox 579 4584 770 4683; x_wconf 86' lang='lat' dir='ltr'><strong>germani,</strong></span> <span class='ocrx_word' id='word_1_257' title='bbox 791 4609 993 4685; x_wconf 89' lang='lat' dir='ltr'><strong>eorumque</strong></span> <span class='ocrx_word' id='word_1_258' title='bbox 1013 4583 1140 4677; x_wconf 88' lang='lat' dir='ltr'><strong>liberi,</strong></span> <span class='ocrx_word' id='word_1_259' title='bbox 1160 4596 1201 4658; x_wconf 86' lang='lat' dir='ltr'><strong>et</strong></span> 
     </span>
     <span class='ocr_line' id='line_1_33' title="bbox 346 4701 1314 4808; baseline 0.001 -26"><span class='ocrx_word' id='word_1_260' title='bbox 346 4701 380 4783; x_wconf 81' lang='grc'><strong>3.</strong></span> <span class='ocrx_word' id='word_1_261' title='bbox 410 4708 563 4785; x_wconf 83' lang='lat' dir='ltr'><strong>Sorores</strong></span> <span class='ocrx_word' id='word_1_262' title='bbox 582 4734 779 4807; x_wconf 85' lang='lat' dir='ltr'><strong>germanae</strong></span> <span class='ocrx_word' id='word_1_263' title='bbox 800 4733 1000 4808; x_wconf 87' lang='lat' dir='ltr'><strong>earumque</strong></span> <span class='ocrx_word' id='word_1_264' title='bbox 1019 4706 1135 4783; x_wconf 88' lang='lat' dir='ltr'><strong>liberi.</strong></span> <span class='ocrx_word' id='word_1_265' title='bbox 1311 4794 1314 4798; x_wconf 45' lang='grc'><strong>,</strong></span> 
     </span>
     <span class='ocr_line' id='line_1_34' title="bbox 461 4833 1494 4937; baseline 0.012 -29"><span class='ocrx_word' id='word_1_266' title='bbox 461 4833 540 4910; x_wconf 84' lang='lat' dir='ltr'><strong>Hos</strong></span> <span class='ocrx_word' id='word_1_267' title='bbox 569 4837 759 4937; x_wconf 83' lang='lat' dir='ltr'><strong>excipiunt</strong></span> <span class='ocrx_word' id='word_1_268' title='bbox 787 4836 848 4935; x_wconf 90' lang='lat' dir='ltr'><strong>qni</strong></span> <span class='ocrx_word' id='word_1_269' title='bbox 872 4835 920 4911; x_wconf 91' lang='lat' dir='ltr'><strong>ab</strong></span> <span class='ocrx_word' id='word_1_270' title='bbox 939 4862 1010 4913; x_wconf 89' lang='lat' dir='ltr'><strong>avo</strong></span> <span class='ocrx_word' id='word_1_271' title='bbox 1029 4836 1089 4913; x_wconf 89' lang='lat' dir='ltr'><strong>vel</strong></span> <span class='ocrx_word' id='word_1_272' title='bbox 1107 4834 1195 4911; x_wconf 87' lang='lat' dir='ltr'><strong>avia</strong></span> <span class='ocrx_word' id='word_1_273' title='bbox 1215 4839 1386 4920; x_wconf 91' lang='lat' dir='ltr'><strong>oriundi</strong></span> <span class='ocrx_word' id='word_1_274' title='bbox 1408 4848 1494 4923; x_wconf 87' lang='lat' dir='ltr'><strong>sint.</strong></span> 
     </span>
     <span class='ocr_line' id='line_1_35' title="bbox 345 4957 1017 5061; baseline 0.006 -29"><span class='ocrx_word' id='word_1_275' title='bbox 345 4959 380 5035; x_wconf 79' lang='grc'><strong>4.</strong></span> <span class='ocrx_word' id='word_1_276' title='bbox 409 4957 633 5037; x_wconf 78' lang='lat' dir='ltr'><strong>Consobrini</strong></span> <span class='ocrx_word' id='word_1_277' title='bbox 653 4984 698 5037; x_wconf 85' lang='lat' dir='ltr'><strong>ex</strong></span> <span class='ocrx_word' id='word_1_278' title='bbox 716 4960 834 5061; x_wconf 88' lang='lat' dir='ltr'><strong>iisque</strong></span> <span class='ocrx_word' id='word_1_279' title='bbox 853 4960 959 5037; x_wconf 88' lang='lat' dir='ltr'><strong>liberi</strong></span> <span class='ocrx_word' id='word_1_280' title='bbox 978 4973 1017 5038; x_wconf 88' lang='lat' dir='ltr'><strong>et</strong></span> 
     </span>
     <span class='ocr_line' id='line_1_36' title="bbox 210 5083 1015 5186; baseline 0.005 -26"><span class='ocrx_word' id='word_1_281' title='bbox 210 5132 213 5139; x_wconf 94' lang='lat'>-</span> <span class='ocrx_word' id='word_1_282' title='bbox 347 5086 382 5162; x_wconf 75' lang='lat' dir='ltr'><strong>b.</strong></span> <span class='ocrx_word' id='word_1_283' title='bbox 410 5083 664 5163; x_wconf 75' lang='lat' dir='ltr'><strong>Consobrinae</strong></span> <span class='ocrx_word' id='word_1_284' title='bbox 682 5110 879 5186; x_wconf 89' lang='lat' dir='ltr'><strong>earumque</strong></span> <span class='ocrx_word' id='word_1_285' title='bbox 898 5086 1015 5166; x_wconf 88' lang='lat' dir='ltr'><strong>liberi.</strong></span> 
     </span>
    </p>
   </div>
   <div class='ocr_carea' id='block_1_10' title="bbox 0 0 1706 5782">
    <p class='ocr_par' dir='ltr' id='par_1_11' title="bbox 0 0 1706 5782">
     <span class='ocr_line' id='line_1_37' title="bbox 0 0 1706 5782; baseline 0 0"><span class='ocrx_word' id='word_1_286' title='bbox 0 0 1706 5782; x_wconf 95' lang='lat' dir='ltr'><strong> </strong></span> 
     </span>
    </p>
   </div>
  </div>
 </body>
</html>
