3404 5782
148 382 228 461 212
278 437 281 442 -
634 416 636 424 2
697 405 760 457 sos
777 400 988 455 nonoretur.

740 597 741 602 ’
793 597 883 673 840.

156 791 160 799 .
247 711 425 796 Ὃπύταν
453 706 475 809 ἢ
506 723 546 810 ἐξ
569 713 726 816 Ἀρείου
755 716 882 822 πάγου
910 717 1032 818 βουλὴ
1052 715 1276 796 ἀνελθοῦσα
1296 722 1349 807 είς
1368 714 1440 796 τὸν
1458 715 1538 794 od-

148 873 222 952 γον
240 849 525 949 συγκαθέζηται
554 842 684 939 φόνον
712 838 737 933 ii
761 842 977 943 τραύματος
1004 853 1051 921 ἐκ
1079 847 1261 945 προνοίας
1291 840 1315 936 ἢ
1343 844 1538 946 παρκαίύς

149 969 392 1060 δικάσοντες,
422 967 654 1046 ἀποδίδοται
683 967 797 1073 λόγος
825 974 992 1070 ἐκατέρῳ
1020 971 1104 1048 τῶν
1122 975 1363 1070 κρινομένων
1381 977 1452 1047 καί
1471 976 1536 1046 λέ-

149 1123 286 1204 γουσιν
304 1103 347 1174 ἐν
362 1096 419 1196 τῷ
434 1101 537 1196 μέρει
556 1088 580 1173 ὁ
606 1099 681 1195 μέν
708 1091 861 1170 διώκων
887 1088 911 1172 ci
933 1093 973 1172 δὲ
990 1094 1168 1201 φεύγων,
1200 1093 1223 1189 ἢ
1242 1093 1356 1173 αὐτοὶ
1377 1093 1402 1188 ii
1420 1094 1535 1195 ῥύτο-

150 1253 215 1321 ρας
245 1219 555 1323 ἀναβιβάζονται
584 1216 675 1306 τούς
704 1218 890 1318 ἐροῦντας
918 1211 1014 1319 ύπέρ
1043 1216 1185 1297 αὐτῶν.
1236 1224 1283 1297 Oi
1313 1219 1347 1295 δ’
1379 1224 1454 1297 ἐστ’
1484 1217 1536 1296 ἀν

143 1350 218 1447 μέν
237 1351 319 1447 περὶ
336 1344 410 1423 τού
430 1343 649 1452 πράγματος
668 1351 845 1450 λέγωσιν,
866 1343 1041 1441 ἀνέχεται
1062 1340 1085 1438 ἦ
1103 1344 1227 1446 βουλὴ
1246 1349 1347 1422 καθ’
1364 1339 1535 1444 ἡσυχίαν

150 1468 373 1549 ἀκούουσα·
393 1465 442 1563 δν
466 1467 508 1546 δέ
524 1502 579 1558 τις
599 1466 623 1563 ἢ
640 1475 829 1569 φροίμιον
847 1469 934 1566 einp
954 1467 1120 1569 πρὸτού
1136 1469 1275 1576 λόγου,
1295 1465 1347 1560 ἀς
1366 1468 1534 1549 advovo-

128 1603 277 1696 oe'povc
304 1593 559 1702 ἀπεργάσαιτο
586 1592 756 1685 αύτούς,
786 1591 810 1687 ἢ
837 1593 975 1671 οίκτον
1003 1589 1223 1687 ἢδείνωσιν
1240 1600 1390 1689 ἐξωθιν
1408 1597 1533 1703 ἐπάγη

147 1724 202 1823 τῷ
231 1720 443 1828 πράγματι,
479 1719 685 1822 παρελθιύν
720 1715 742 1798 d
770 1720 891 1822 κῆρυξ
919 1721 1197 1799 κατασιωπάτω
1227 1719 1351 1810 εύθύς
1374 1722 1429 1823 pti
1459 1724 1535 1801 ἐῶν

148 1855 275 1947 ληρεῖν
294 1844 386 1947 πρὸς
403 1844 475 1939 τήν
492 1845 643 1947 βουλήν
660 1853 730 1924 καί
748 1854 980 1946 περιπέττειν
997 1846 1041 1922 τύ
1061 1848 1216 1952 πρᾶγμα
1235 1857 1278 1925 ἐν
1292 1859 1371 1936 τοῖς
1388 1849 1533 1954 λόγοις,

149 1967 199 2061 ἀς
218 1972 346 2079 γομνά
365 1972 411 2049 τοί
433 1979 664 2080 γεγενημένα
685 1976 721 2048 oi
744 1969 1018 2078 ’Λρεοπαγίται
1037 1976 1225 2072 βλέποιεν.

888 2085 1064 2178 (Lucian.
1085 2084 1320 2165 Anacharsis.
1342 2087 1427 2181 19.)

257 2320 379 2415 Quum
398 2318 588 2420 Areopagi
615 2211 1040 2395 consitiumssiiiendens
1068 2319 1107 2393 in
1134 2316 1273 2396 collem
1296 2319 1467 2397 considet
1487 2319 1534 2398 ad

143 2444 386 2546 judicandum
403 2469 533 2521 causas
551 2443 675 2519 caedis
693 2454 756 2519 aut
773 2443 973 2519 voluntarii
992 2443 1156 2521 vulneris
1175 2455 1240 2520 aut
1262 2444 1445 2543 incendii,
1474 2445 1528 2522 fa-

150 2569 266 2648 cultas
295 2568 443 2647 dicendi
473 2567 583 2645 datur
609 2568 835 2666 litigantium
863 2568 1028 2667 utrique,
1058 2579 1096 2644 et
1122 2568 1275 2646 alternis
1303 2568 1432 2649 dicunt
1453 2579 1533 2646 tnm

149 2707 254 2773 actor
273 2707 352 2774 tum
370 2722 475 2790 rem,
505 2703 569 2770 aut
596 2695 668 2796 ipsi
687 2719 755 2795 per
781 2718 841 2787 se,
871 2705 934 2768 aut
962 2693 1153 2790 adductis,
1182 2695 1244 2795 qui
1262 2722 1331 2797 pro
1351 2721 1393 2772 se
1415 2696 1533 2772 verba

151 2822 309 2915 faciant,
339 2816 559 2896 oratoribus.
595 2819 648 2894 Hi
666 2844 778 2917 quam
797 2818 860 2895 diu
880 2819 925 2894 de
945 2818 1085 2920 reipsa
1108 2818 1256 2914 dicunt,
1285 2822 1426 2922 patitur
1444 2847 1532 2901 con·

150 2946 273 3023 silium
291 2956 329 3021 et
351 2944 454 3021 audit
482 2944 648 3037 silentio,
677 2945 707 3018 si
736 2969 825 3019 vero
853 2942 935 3044 quis
963 2956 1028 3019 aut
1054 2947 1287 3045 prooemium
1313 2947 1415 3023 dicat
1442 2960 1530 3026 ante

151 3069 376 3163 orationem,
404 3081 445 3145 ut
464 3069 788 3146 benevolentiores
806 3068 888 3147 illos
912 3068 1063 3166 reddat,
1093 3082 1157 3146 aut
1174 3072 1455 3151 miserationem
1473 3074 1533 3150 vel

148 3195 446 3298 indignationem
466 3195 695 3298 extrinsecos
714 3194 930 3271 arcessitam
955 3195 1108 3272 inducat
1127 3223 1282 3295 causae,
1311 3224 1533 3298 progressus

148 3320 188 3397 in
214 3321 378 3398 medinm
404 3345 541 3423 praeco
568 3319 757 3396 silentium
784 3320 905 3395 statim
932 3319 1111 3420 imponit,
1140 3348 1259 3423 neque
1283 3324 1430 3426 patitur
1455 3326 1529 3402 ine·

150 3445 246 3551 ptias
274 3472 385 3544 agere
414 3443 513 3548 apud
536 3445 684 3546 judices
712 3456 776 3521 aut
804 3445 973 3523 obtinere
1003 3472 1150 3522 causam
1183 3447 1324 3542 verbis,
1363 3460 1405 3524 ut
1432 3450 1532 3528 nuda

150 3597 244 3673 quae
265 3573 365 3649 facta
383 3582 470 3646 sunt
488 3569 642 3647 videant
662 3569 922 3671 Areopagitae.

256 3861 481 3956 Μαρτυρείν
500 3857 618 3947 ἐξεστι
638 3850 765 3953 δούλῳ
783 3851 885 3929 κατά
904 3855 976 3930 τού
997 3858 1203 3953 ἐλευθέρου
1222 3852 1292 3933 τάν
1310 3855 1452 3954 φόνον.

648 3963 863 4064 (Antiphon
883 3965 929 4039 de
949 3964 1062 4041 caede
1081 3964 1253 4042 Herodis.
1275 3961 1308 4071 ξ.
1330 3971 1423 4065 48.).

798 4129 887 4204 stt.

258 4238 385 4318 Liceat
402 4264 511 4318 servo
531 4239 576 4313 de
595 4236 710 4316 caede
728 4237 906 4314 adversus
926 4239 1130 4336 ingenuum
1148 4243 1285 4318 testari.

797 4400 886 4476 842.

253 4521 324 4618 Ἕν
344 4532 424 4611 ταῖς
440 4534 625 4622 Ιφονικαῖς
645 4520 771 4610 δίκαις
790 4528 850 4598 ἐπί
872 4521 1086 4625 Παλλαδίῳ
1104 4533 1323 4624 ,τέμνοντος
1346 4524 1393 4601 τύ
1418 4525 1529 4628 τόμια

152 4644 242 4738 τούς
261 4648 451 4736 νικῶντας
469 4648 515 4747 τῇ
535 4649 655 4749 ψήφῳ
673 4642 941 4748 ἐξορκίζεσθαι
970 4645 1116 4740 τάληθῆ
1145 4655 1213 4725 καί
1232 4647 1278 4725 τύ
1300 4648 1436 4728 δίκαια
1456 4677 1529 4757 ψη-

153 4780 336 4872 φίζεσθαι
365 4770 442 4849 τάν
471 4771 663 4850 δικαστῶν
691 4768 775 4849 ὅσοι
804 4770 875 4864 την
909 4773 1046 4874 ψῆφον
1082 4767 1252 4878 ἤνεγκαν
1290 4768 1428 4878 αύτῷ,
1464 4783 1529 4854 καί

152 4898 296 5004 ψεῦδος
309 4896 430 4999 μηδὲν
449 4903 659 5002 εἰρηκέναι,
688 4903 725 4975 εί
742 4897 780 4976 δὲ
795 4897 871 4999 μῆ,
901 4899 1014 4991 ἐξώλη
1043 4932 1081 4975 τε
1109 4899 1233 4978 αὐτὸν
1258 4899 1357 4979 εἶναι
1386 4905 1528 5005 ἐπαρᾶ-

153 5033 247 5105 σθαι
266 5030 335 5105 καί
351 5022 425 5119 τήν
445 5028 580 5103 οίκίαν
599 5022 665 5117 τὴν
684 5017 821 5105 αύτού.

636 5135 827 5234 (Aeschin.
847 5137 894 5216 tle
912 5138 1009 5215 male
1025 5150 1136 5236 gesta
1153 5139 1263 5240 legat.
1283 5135 1317 5242 ξ.
1336 5142 1436 5238 ⁰⁷³2
1514 5136 1518 5145 ’
