3436 5790
701 393 764 442 JUS
785 390 1002 442 Patvawu.

752 683 958 785 Τμῆμαεῖ

506 883 510 891 ·
565 834 714 928 Περὶ
765 826 1144 926 μισθώσεως.

758 1099 883 1177 Seotio
915 1104 948 1177 5.

447 1248 512 1325 De
539 1247 795 1325 locatione
829 1255 877 1323 et
909 1242 1260 1324 conductione.

801 1444 915 1520 1527.

275 1587 320 1661 01
335 1580 600 1683 μισθούμενοι
620 1578 712 1670 τούς
732 1581 810 1659 τῶν
830 1579 1015 1682 ὀρφανῶν
1034 1583 1170 1671 οἴκους
1189 1577 1290 1683 παρὰ
1309 1582 1381 1658 τοῦ
1401 1574 1548 1681 ἄρχον·

163 1742 227 1799 τος
247 1716 409 1808 ἐνέχυρα
426 1709 492 1800 τῆς
505 1706 731 1808 μισθώσεως
751 1715 1003 1807 παρέχονται·
1034 1706 1148 1786 δεῖδὲ
1169 1704 1242 1784 τὸν
1260 1700 1436 1805 ἄρχοντα
1464 1712 1547 1783 ε’·ιιι-

163 1843 323 1935 πέμπειν
341 1830 448 1922 τινας
466 1839 739 1980 τιμησαμένρας
758 1829 802 1907 τοὶ
832 1839 1004 1933 ἐνέχυρα.
1039 1831 1095 1910 Tei
1120 1837 1196 1933 μὲν
1225 1824 1301 1910 οὖν
1318 1837 1482 1948 ἐνέχυρα
1501 1828 1546 1908 τοὶ

163 1961 274 2037 ainau
275 1957 435 2062 μα’μενα
465 1954 691 2063 λέγονται’
669 1987 893 2059 αποτιμη
901 1993 933 2058 μ
946 1989 1058 2052 aaa
1089 1963 1126 2036 οἱ
1154 1958 1192 2037 δὲ
1223 1956 1457 2057 πεμπόμενοι
1488 1963 1548 2034 ἐπὶ

163 2119 217 2191 τῳ
201 2079 591 2188 ἀποτιμήσασθαι’
569 2089 823 2184 αιιοτιμηναί,
852 2115 898 2160 το
887 2081 956 2159 δι’
979 2085 1134 2191 πρᾶγμα
1153 2081 1359 2188 ἀποτιμᾷν.

867 2215 1157 2319 (Harpocratioz
1179 2205 1420 2340 ἆπρτιμηταί.
1422 2215 1441 2308 )

803 2394 918 2470 1527.

270 2542 343 2636 Qui
363 2540 495 2618 domus
514 2538 738 2642 pupillorum
758 2538 806 2613 ab
826 2538 1004 2616 arohonte
1024 2537 1255 2634 conducunt,
1281 2539 1443 2640 pignora
1460 2565 1549 2617 aon·

164 2670 347 2748 ductionis
376 2668 477 2744 dant.
516 2666 678 2769 Oportet
705 2677 832 2743 autem
860 2659 1078 2743 archontem
1105 2666 1252 2741 mittere
1289 2665 1351 2766 qui
1389 2665 1551 2767 pignora

163 2797 371 2873 aestiment.
420 2793 469 2867 Et
497 2793 658 2893 pignora
683 2792 836 2891 quidem
864 2816 909 2866 ea
935 2792 1019 2889 lege
1050 2801 1200 2890 aooepta
1231 2801 1415 2869 vocantur
1450 2790 1551 2866 bona

164 2921 377 3010 aestimata,
406 2918 507 2993 missi
534 2927 659 2992 autem
679 2915 726 2992 ad
746 2918 940 2994 aestimata
968 2915 1243 3021 accipiendum,
1272 2917 1549 3011 aestimatores,

163 3072 223 3121 res
243 3042 402 3141 denique
421 3043 523 3142 ipsa,
553 3042 758 3118 aestimare.

805 3186 920 3262 1528.

277 3321 377 3411 Totis
391 3321 566 3425 μισθούς
585 3330 653 3402 καὶ
672 3324 718 3401 τά
740 3331 894 3403 ἐνοίκια
913 3323 1015 3402 xasa*
1034 3320 1101 3413 τὰς
1121 3330 1360 3426 πρυτανείας,
1374 3323 1430 3426 μή
1448 3325 1550 3403 κατα

161 3453 269 3554 μῆνα
287 3457 418 3530 τελεῖν.
902 3456 1089 3551 (Thomas
1109 3457 1255 3554 Magist
1276 3485 1312 3559 p.
1334 3457 1444 3560 762.)

801 3617 914 3694 1528.

274 3761 466 3839 Mercedes
495 3763 688 3853 locat-ionis
717 3773 755 3840 et
781 3761 1021 3840 habitationis
1048 3761 1205 3863 singulis
1233 3763 1435 3877 paytaniis,
1475 3790 1552 3851 non

168 3898 291 3965 autem
311 3887 457 3990 singulo
477 3915 625 3985 mense,
653 3890 857 3966 solvantur.

799 4045 912 4122 1529.

279 4184 332 4264 Τὸ
356 4193 533 4266 ἐνοίκιον
561 4181 583 4264 ὁ
609 4184 809 4286 μισθώσας
839 4181 886 4262 οὐ
916 4185 1172 4286 κομιζόμενος
1190 4149 1272 4282 τὴν
1304 4187 1455 4291 θύραν,
1484 4189 1555 4271 τόν
1607 4163 1611 4171 .

169 4321 339 4413 κέραμον
358 4310 538 4414 ἀφαιρεῖ,
566 4309 611 4390 τὸ
630 4319 749 4415 φρέαρ
768 4314 942 4417 ἐγκλείει.

803 4552 916 4631 1529
945 4441 1151 4558 (Stobaeus
1169 4470 1278 4523 serm.
1298 4446 1344 4540 V,
1364 4448 1446 4541 67.)

276 4695 314 4772 si
334 4724 396 4798 qui
386 4699 552 4774 looavit
569 4723 645 4774 non
664 4698 851 4799 aoaeperit
870 4698 1110 4777 habitationis
1130 4697 1360 4796 mercedem,
1390 4711 1554 4801 portam,

170 4834 243 4900 teet
244 4851 307 4900 um
325 4825 492 4918 auferat,
522 4835 678 4925 puteum
696 4824 922 4925 praecludat

808 4988 921 5066 1530.

272 5121 370 5204 Ἐὰν
388 5127 426 5201 οἱ
439 5122 733 5228 μισθωσάμενοι
746 5124 800 5229 μή
822 5124 1031 5209 ἀποδιδῶσι
1049 5127 1119 5223 τὴν
1142 5125 1340 5232 μίσθωσιν
1368 5134 1446 5210 τοῦ,
1464 5163 1554 5230 χω,-
