3436 5790
525 409 836 491 commanemus
857 435 909 486 an
930 434 1010 489 noa
1030 428 1111 490 rior.
1132 430 1212 488 nro.
1485 408 1562 486 sta

751 621 829 704 Ad
850 623 984 705 1100.

278 789 528 869 Demosth.
557 815 588 867 c.
618 787 825 865 Midiam.
855 787 1105 863 sas-529:
1140 788 1246 882 erae
1275 788 1356 889 quis
1385 788 1422 864 vi
1450 787 1560 882 lacit,

169 942 386 996 communes
414 943 495 994 esse
522 915 676 1018 injurias
705 914 816 990 etiam
843 912 908 1005 iis,
938 912 985 989 ad
1014 939 1109 1013 quos
1135 911 1226 990 illud
1256 912 1446 1015 negotium
1466 912 1558 992 nihil

168 1034 359 1136 alliceret,
386 1041 577 1141 legislator
595 1039 749 1116 censuit.
788 1036 919 1114 Robur
938 1037 1037 1114 enim
1056 1038 1224 1141 corporis
1243 1062 1322 1114 esse.
1342 1063 1557 1141 paucorum,

167 1162 271 1266 leges
289 1166 570 1260 universorum,
590 1178 628 1241 et
646 1191 750 1258 erim,
772 1165 832 1241 cui
852 1164 933 1264 quis
954 1191 1021 1264 per
1039 1162 1209 1242 fraudem
1228 1163 1473 1265 perevaserit,
1493 1188 1561 1240 sua

167 1288 301 1392 ipsius,
332 1317 417 1368 eum
446 1316 555 1384 vero,
584 1291 643 1366 cui
672 1291 729 1364 vis
756 1289 856 1365 facta
885 1289 951 1379 sit,
982 1289 1133 1390 publica
1151 1315 1221 1388 ope
1241 1288 1423 1389 indigere.
1459 1288 1558 1382 Qua-

167 1427 321 1516 propter
339 1417 450 1497 etiam
470 1416 586 1519 ipsius
598 1415 842 1492 contumeliae
861 1413 1120 1490 accusationes
1140 1412 1310 1516 publicas
1330 1408 1480 1489 cuilibet
1498 1413 1558 1489 de·

166 1537 239 1627 dit,
269 1550 305 1616 et
331 1543 627 1619 aestimationem
651 1566 784 1617 causae
805 1551 920 1616 totam
940 1536 1127 1640 publicam
1147 1538 1252 1628 fecit3
1280 1535 1380 1639 qnod
1400 1537 1557 1637 putabat

166 1663 298 1758 abeo,
328 1667 390 1765 qui
411 1665 675 1743 contumeliose
697 1676 843 1765 ageret,
872 1689 951 1739 non
972 1686 1053 1739 eum
1074 1674 1239 1756 tantum,
1259 1663 1319 1739 cui
1338 1660 1440 1738 facta
1458 1673 1557 1759 esset

165 1787 318 1889 injuria,
348 1789 412 1867 sed
438 1790 549 1867 etiam
580 1788 850 1891 rempublicam
874 1785 990 1878 laedi,
1020 1798 1055 1863 et
1073 1785 1213 1864 violato
1233 1783 1556 1864 animadversione

165 1913 359 2010 satisfieri,
380 1940 457 1991 non
476 1928 600 1991 autem
619 1913 751 1989 decere
771 1912 968 2013 pecuniam
987 1936 1056 2012 pro
1076 1912 1213 1989 talibus
1232 1911 1280 1989 ad
1299 1921 1418 1989 semet
1435 1910 1555 2013 ipsum

165 2037 367 2116 vindicare.

273 2180 394 2258 Schol.
423 2184 462 2258 in
488 2182 679 2259 Demosth.
709 2180 798 2258 Mid.
828 2183 918 2274 528,
939 2179 1010 2255 26:
1044 2181 1093 2252 Εἰ
1111 2181 1187 2274 μὲν
1215 2173 1333 2267 αὐτὸς
1361 2171 1386 2257 ὁ
1417 2174 1559 2265 παθῶν

165 2302 386 2408 ἕκατηγόρει
406 2303 470 2394 τῆς
488 2298 652 2404 ὕβρεως,
682 2297 800 2399 αὐτὸς
819 2299 1013 2401 ἐλάμβανε
1032 2307 1100 2376 καί
1120 2297 1165 2378 sd
1184 2304 1328 2400 τίμημα
1347 2301 1392 2380 τὸ
1412 2310 1459 2382 ἐκ
1478 2303 1557 2384 τῶν

134 2507 141 2514 ,
166 2427 316 2530 νόμων·
344 2433 383 2504 εἰ
399 2425 437 2505 δὲ
458 2432 580 2529 ἕτερος
602 2422 650 2520 ἦν
669 2419 690 2504 ὁ
711 2425 974 2532 κατηγορήσας
986 2484 995 2516 ,
1026 2423 1212 2523 δημόσιον
1230 2431 1406 2533 ἐγίγνετο
1426 2425 1471 2505 τὸ
1490 2429 1556 2521 τῆς

163 2554 388 2647 καταδίκης.
419 2557 478 2652 (Si
498 2560 578 2662 ipse
598 2559 663 2658 qui
681 2557 853 2659 injuriam
872 2581 1005 2659 passus
1025 2566 1097 2650 est,
1119 2557 1322 2650 accusarit,
1343 2558 1423 2663 ipse
1444 2558 1556 2637 etiarn

163 2684 308 2786 acecpit
343 2682 519 2759 mulctam
557 2683 639 2783 lege
678 2680 972 2784 praescriptam3
1009 2681 1038 2754 si
1069 2680 1317 2759 autemclter·
1347 2684 1555 2774 accusavit,

162 2809 302 2887 mulcta
320 2810 463 2886 aerario
482 2808 626 2899 cessit.)
732 2806 734 2811 ’

748 2925 825 3011 aa
843 2927 977 3009 1100.

269 3098 485 3176 Secundum
512 3099 737 3176 Pausaniam
764 3097 852 3191 (lx,
873 3098 935 3188 36,
954 3097 1000 3185 8)
1029 3073 1173 3197 primus
1200 3098 1366 3176 omnium
1393 3096 1554 3198 Hyettus

162 3223 207 3298 de
227 3223 408 3298 adulterio
427 3250 590 3324 poenam
609 3222 759 3316 sumsit;
789 3232 899 3324 atque
920 3221 1031 3296 multo
1053 3235 1135 3320 post
1154 3222 1296 3319 Draco,
1318 3250 1432 3323 quum
1451 3223 1554 3322 leges

162 3348 320 3424 Athenis
348 3350 386 3423 in
416 3348 638 3446 magistratu
666 3347 800 3438 ferret,
839 3344 884 3421 de
915 3346 1107 3423 adulteriis
1135 3345 1250 3424 libere
1279 3372 1419 3451 poenas
1459 3349 1553 3422 sumi

161 3501 273 3576 posse
302 3473 564 3575 promulgavit.

741 3592 817 3675 au
840 3552 975 3677 uro.

270 3758 403 3838 Suidas
430 3790 458 3836 s.
479 3786 513 3836 v.
535 3749 752 3852 ‘Procula
780 3758 844 3834 Sic
871 3759 909 3832 in
938 3757 1118 3835 adulterio
1146 3758 1401 3862 deprehensos
1419 3761 1550 3862 punie-

160 3888 270 3962 bant:
301 3885 491 3988 raphanos
510 3887 549 3961 in
569 3885 717 3986 podices
737 3884 991 3960 adulterorum
1009 3885 1281 3975 immittebant,
1309 3886 1426 3984 iisque
1446 3885 1551 3986 depi-

159 4014 244 4089 latis
264 4006 405 4089 calidos
424 4013 568 4088 cineres
586 4012 867 4113 inspargebant.

268 4153 402 4231 Suidas
422 4154 460 4228 in
483 4143 538 4225 Ὠ
569 4146 840 4226 Λακιάδαὶ.
866 4145 954 4224 'ant
974 4149 1053 4225 τῶν
1067 4151 1223 4247 μοιχῶν
1242 4156 1409 4255 λέγεται·
1429 4148 1550 4247 δῆμος

159 4275 234 4382 γὰρ
262 4277 327 4368 τῆς
351 4272 534 4367 Ἀττικῆς
572 4279 608 4351 oi
638 4272 856 4365 Λακιάδαι,
893 4282 936 4350 ἐν
974 4265 1005 4375 ᾧ
1043 4274 1250 4374 ῥαφανίδες
1288 4280 1448 4366 πολλαὶ,
1489 4271 1550 4363 αἶς

159 4402 332 4500 ἐχρῶντο
361 4384 463 4476 acroi
493 4399 572 4476 τῶν
601 4404 829 4496 ληφθέντων
852 4399 1008 4497 μοιχῶν
1036 4403 1313 4501 ἐνυβρίζοντες.
1354 4403 1418 4498 (In
1447 4428 1548 4481 moe·

159 4530 249 4607 chos
269 4529 414 4606 dicitur.
452 4529 548 4604 Nam
567 4527 752 4605 Laciadae
780 4552 900 4630 pegus
929 4539 985 4603 est
1013 4527 1179 4623 Atticae,
1209 4532 1247 4605 in
1268 4556 1342 4630 quo
1363 4530 1470 4606 multi
1488 4557 1546 4606 ra·

158 4654 274 4759 phani
293 4654 565 4746 nascebantur,
593 4650 729 4752 quibus
759 4652 1011 4729 adulterorum
1039 4653 1354 4754 deprehensorum
1383 4656 1421 4729 in
1439 4655 1546 4752 igno·

158 4783 309 4856 miniam
328 4781 557 4871 utebantur.)

265 4905 322 4982 Of.
342 4902 465 4980 Schol.
485 4905 523 4979 in
543 4904 781 5006 Aristophan.
802 4901 941 4982 Nubes.
966 4907 1078 4998 1083,
1099 4921 1135 4983 et
1155 4909 1305 4986 Plutum
1326 4909 1413 4982 168.
1444 4906 1546 5010 Aph-

157 5034 274 5108 thonii
313 5047 640 5133 progymnasmata
671 5055 751 5130 cap.
785 5032 843 5106 14.
889 5032 1076 5134 Doxopat.
1114 5035 1240 5111 homil.
1277 5038 1315 5109 in
1354 5033 1545 5138 Aphthcn.

158 5185 238 5259 cap.
262 5159 322 5252 14,
346 5156 432 5232 558.
