3404 5782
152 377 231 455 494
485 395 792 457 consumamus
811 401 864 453 su
884 397 947 454 eos.
966 399 1028 455 soa
1048 399 1112 456 eoa.
1132 399 1196 456 eoa.

259 598 338 674 9-ο.
366 594 503 698 Lysiae
528 589 656 668 κατὰ
687 591 927 692 θεοπόμπου.
965 597 1022 671 De
1042 598 1289 694 verberibus,
1324 595 1477 692 idest,
1510 595 1571 668 αι’-

152 723 250 806 κίας.
281 723 451 822 (Fragm.
476 722 583 815 109.)

260 866 362 943 1θ-ο.
393 865 527 967 Lysiae
556 859 684 936 κατοὶ
713 866 1003 960 Στρατοκλέους
1031 862 1195 956 ἐξούλης.
1237 869 1434 965 (Fragm.
1459 866 1565 958 2¹2.)

152 988 248 1069 Vide
268 992 333 1069 Nr.
353 992 430 1066 8-0.
1158 1026 1170 1065 ι

263 1117 361 1192 11-ο.
390 1116 526 1216 Lysiae
545 1108 674 1186 κατὰ
698 1113 896 1186 φιλίππου
936 1114 993 1191 De
1014 1118 1139 1193 tutela.
1170 1119 1358 1215 (Fragm.
1383 1117 1504 1209 230.)

261 1260 363 1334 12-0.
390 1258 570 1334 Dinarchi
589 1251 719 1329 κατὰ
754 1251 1031 1333 Ποσειδίππου.
1060 1260 1117 1336 De
1137 1259 1247 1336 furto.
1277 1258 1424 1353 (Orat.
1448 1260 1512 1333 48.
1529 1261 1561 1333 in

151 1387 283 1485 fragm.
304 1382 404 1460 Oar.
427 1382 638 1473 Mttller.)
667 1382 808 1458 Iterum
827 1406 919 1480 ergo
939 1382 984 1457 de
1003 1383 1130 1482 iniquo
1150 1384 1262 1460 facto.

256 1525 499 1602 Differentiae
519 1526 616 1602 inter
635 1525 800 1604 actiones
828 1526 874 1600 in
904 1536 940 1601 et
969 1527 1209 1603 adversus
1240 1526 1425 1628 aliquem
1454 1529 1561 1603 etiam

149 1653 188 1728 in
216 1649 434 1727 scholiastae
463 1661 685 1751 argumento
714 1651 761 1727 ad
788 1651 1052 1728 Demosthenis
1081 1652 1308 1752 Leptineam
1343 1655 1496 1746 (452)
1523 1656 1558 1727 fit

150 1753 310 1870 m'entio,
347 1778 412 1852 ubi
441 1776 595 1852 dicitur:
633 1765 656 1848 ό
687 1770 806 1872 πρός
835 1777 1029 1864 Λεπτίνην
1060 1773 1174 1878 λόγος
1210 1774 1458 1880 ἐπιγραφήν
1487 1779 1556 1873 ἔχει

149 1896 353 1990 τοιαύτην,
382 1893 577 1995 ἐπειδήπερ
606 1895 869 1997 παρελθόντος
898 1899 971 1973 τοῦ
993 1897 1165 1997 χρόνου,
1195 1905 1240 1975 ἐν
1260 1890 1295 2000 ᾦ
1319 1895 1558 1989 ὑπεύθυνος

150 2015 200 2114 ἦν
226 2025 351 2122 κρίσει
379 2026 448 2096 καί
477 2024 639 2121 τιμωρίᾳ
669 2020 829 2126 γράφων
866 2053 921 2110 τις
954 2021 1099 2121 νόμον,
1138 2028 1330 2120 ἐφαίνετο
1364 2032 1560 2118 Λεπτίνης

150 2143 384 2237 ἀκίνδυνος,
414 2142 512 2222 ὅθεν
540 2144 869 2244 πρόςαύτόν,
900 2145 1061 2225 ἀλλὀὐ
1092 2145 1408 2228 κατάότοῦ
1443 2147 1467 2229 ὁ
1499 2153 1561 2229 λό-

149 2292 226 2377 γος.
266 2274 542 2370 (Adversus
570 2277 771 2377 Leptinem
800 2278 919 2353 oratio
943 2278 1175 2371 inscribitur,
1205 2279 1314 2377 quod
1349 2285 1560 2382 praeterito

150 2426 195 2478 eo
224 2412 391 2503 tempore
411 2401 464 2495 ¹),
492 2402 532 2476 in
562 2428 635 2502 quo
664 2402 759 2502 legis
789 2414 917 2480 auctor
938 2402 1082 2502 judicio
1110 2415 1148 2481 et
1174 2430 1333 2503 poenae
1368 2407 1559 2486 obnoxius

150 2539 249 2622 erat,
269 2527 447 2629 Leptines
467 2539 572 2605 extra
590 2529 800 2630 periculum
818 2554 898 2606 esse
919 2528 1136 2624 videbatur3
1164 2528 1266 2605 unde
1301 2531 1561 2610 adversus

150 2679 254 2749 eum,
274 2654 416 2729 nonin
437 2678 521 2729 eum
541 2655 700 2730 orationi
718 2656 848 2731 titulus
868 2658 955 2746 est.)

737 2863 814 2946 Ad
834 2864 949 2947 000.

256 3027 406 3105 Belsker
426 3025 567 3104 Anecd.
586 3052 643 3124 gr.
663 3027 691 3102 Ι.
710 3055 746 3128 p.
768 3026 866 3100 262:
886 3016 1100 3120 ”Αρχοντες
1120 3017 1216 3115 ἦσαν
1237 3031 1489 3135 εἰσαγωγεῖς
1509 3032 1561 3107 δι-

148 3149 235 3225 xciv
259 3147 379 3223 τινῶν
406 3151 458 3234 εἰς
487 3146 535 3221 τό
564 3143 812 3245 δικαστήρια,
848 3153 1199 3246 προανακρίνοντες
1229 3149 1304 3240 τοὶς
1340 3153 1471 3246 δίκας
1500 3167 1561 3234 καί

149 3271 507 3377 προσκαθεζόμενοι
532 3283 612 3361 τοῖς
641 3271 919 3374 δικαστηρίοις,
949 3281 1019 3348 καί
1038 3271 1147 3371 εἶχον
1164 3272 1239 3366 τὴν
1258 3278 1351 3357 τῶν
1374 3281 1563 3376 δικαστη-

148 3405 243 3504 ρίων
283 3394 504 3507 ἡγεμονίαν.
541 3402 802 3503 (Magistratus
840 3417 947 3481 erant
982 3405 1257 3481 introductores
1300 3416 1563 3509 quarumdam

147 3558 344 3612 causarum
363 3532 401 3608 in
419 3531 581 3634 judicia,
611 3532 673 3632 qui
700 3533 784 3610 lites
813 3532 914 3635 prius
944 3533 1288 3633 percontabantur,
1324 3540 1561 3618 assidentes·-

148 3685 219 3762 que
233 3659 383 3760 judiciis
402 3656 628 3761 praesidium
647 3685 777 3736 eorum
795 3659 1015 3751 habebant.)

253 3780 312 3860 Of.
330 3781 457 3859 Schol.
486 3784 525 3857 in
554 3783 747 3861 Demosth.
777 3783 928 3860 Midian.
951 3784 1120 3878 515,14.
1154 3781 1283 3862 Schol.
1307 3789 1354 3867 in
1378 3793 1561 3875 Aeschin.

147 3908 313 4012 Ctesiph.
336 3908 395 3985 14.

735 4014 811 4096 Ad
831 4015 946 4096 008.

254 4177 405 4254 Bekker
427 4175 569 4256 Anecd.
589 4203 644 4276 gr.
665 4181 693 4256 Ι.
714 4207 750 4280 p.
771 4180 868 4255 310:
889 4178 994 4258 addit
1013 4180 1123 4255 etiam
1143 4171 1284 4280 ἀργίας
1308 4189 1558 4286 (socordiae)

147 4301 343 4383 actionem.

610 4353 614 4365 ’
735 4407 946 4493 assos.

253 4569 489 4651 Andocid.
510 4598 541 4648 o.
562 4571 806 4651 Alcibiad.
828 4573 860 4675 b.
883 4574 1059 4651 13-14ε
1080 4573 1301 4658 Alcibiades
1324 4611 1458 4689 quum
1477 4585 1557 4667 Gal-

147 4697 219 4776 liae
236 4723 403 4776 sororem
432 4700 473 4776 in
499 4698 775 4776 matrimonium
805 4701 970 4779 duxisset
998 4726 1081 4779 cum
1110 4701 1195 4778 dote
1225 4704 1555 4823 deogmhfflto,

147 4847 251 4919 rum,
278 4833 315 4900 et
339 4850 454 4924 quum
476 4835 620 4901 tantam
638 4824 762 4902 dotem
780 4823 938 4903 haberet
956 4838 1132 4927 quantam
1148 4827 1553 4935 nonnam

256 5041 291 5113 1)
314 5031 447 5101 Scilicet
462 5055 528 5101 uno
552 5054 656 5119 anno;
678 5056 742 5124 quo
766 5033 877 5122 elapso
903 5057 968 5102 non
993 5042 1122 5125 potent
1143 5038 1182 5107 s'r

146 5145 314 5230 accusmi,
337 5143 393 5210 sed
409 5140 611 5209 solummodo
626 5140 681 5208 lex
695 5144 775 5230 ipsa
800 5142 883 5210 Vide
899 5141 1004 5232 legem
1021 5148 1112 5215 leb-³
1133 5150 1152 5181 '³
1165 5140 1182 5176 '¹‘
