3404 5782
147 385 224 460 396
685 407 747 456 τοο
766 403 985 461 nmmum,

147 624 237 676 vero
256 599 406 691 nolunt,
435 595 498 696 qui
517 598 668 691 volunt,
696 596 798 672 litem
827 597 1026 675 intendunt
1054 598 1289 690 nolentibus,
1322 594 1370 670 in
1398 594 1472 695 jue
1497 621 1560 671 vo·

146 736 273 800 cantes
292 723 339 799 ad
359 722 563 798 divisorum
583 723 813 801 electionem.
854 723 917 820 (Id
947 733 1003 804 est
1028 723 1209 800 actionem
1231 720 1450 798 communi
1471 717 1561 795 divi·

147 848 272 929 dundo
291 848 518 942 instituunt.)

732 1033 943 1048 m

595 1294 919 1448 Κεφάλαιον
955 1293 1077 1406 lA'.

429 1498 637 1643 Περὶ
732 1485 1247 1643 ἐμπορικῶν.

756 1712 914 1726 wwwvwvvvv

704 1852 864 1998 (laput
889 1851 973 1968 XI.

558 2051 679 2168 Ros
715 2053 1111 2168 mercatorio,

786 2308 899 2384 1543.

256 2447 364 2524 Κατοί
384 2446 455 2540 τήν
473 2445 623 2554 ἀγορὰν
641 2418 839 2552 ἀψευδεῖν.

810 2576 1022 2674 (Demosth.
1043 2577 1127 2654 adv.
1148 2577 1304 2678 Leptin.
1330 2579 1459 2672 459)

780 2740 893 2816 1543.

254 2887 298 2962 ln
317 2885 398 2963 foro
417 2911 494 2963 non
512 2886 602 2964 licet
619 2883 777 2962 mentiri.

785 3026 898 3102 1544.

262 3162 362 3253 Totis
382 3159 523 3265 ἄνδρας
537 3163 592 3266 μὴ
608 3173 862 3266 μυροπωλεῖν.

537 3297 639 3391 (Lex
656 3295 806 3375 Solonio
825 3295 925 3400 apud
950 3295 1192 3375 Athenaeum.
1211 3294 1300 3391 XV,
1323 3297 1449 3390 687.)

784 3456 900 3535 1544.

256 3603 313 3679 Ne
333 3611 524 3703 unguenta
541 3600 709 3680 vendant
726 3599 807 3678 viri.

786 3764 899 3840 1545.

137 3910 145 3923 “
259 3901 340 3980 Τοῦ
360 3910 471 3980 σίτου
489 3903 559 3979 τοῦ
589 3908 873 3992 καταπλέοντος
902 3907 954 3990 ιίς
983 3898 1026 3979 τὸ
1051 3897 1245 3979 Ἀττικὸν
1271 3901 1472 4004 ἐμπόριον
1498 3899 1539 3978 τά

149 4026 221 4104 δύο
235 4037 328 4128 μέρη
346 4025 438 4117 τούς
456 4025 644 4130 ἐμπόρους
662 4033 716 4118 εἰς
734 4027 779 4105 τὸ
800 4021 898 4105 ἄστυ
917 4031 1105 4129 κομίζειν.

652 4156 943 4260 (Harpocratioz
972 4157 1187 4254 ἐπιμεληταί
1206 4157 1438 4257 ἐμπορίου.)

739 4375 743 4385 .
781 4320 900 4398 1545.

254 4465 468 4558 Frumenti,
495 4462 594 4568 quod
611 4465 651 4540 in
671 4465 877 4568 emporium
899 4464 1049 4568 aliquod
1071 4455 1217 4542 Atticae
1242 4463 1412 4544 navibus
1431 4466 1536 4547 adve-

150 4591 268 4690 hitur,
298 4590 389 4670 duas
407 4603 533 4696 partes
551 4604 775 4671 mercatores
794 4593 834 4668 in
852 4594 985 4670 urbem
1004 4603 1165 4695 portent.

790 4755 903 4830 1546.

259 4893 347 4973 Τῶν
374 4902 587 5001 γινομένων
615 4892 792 4973 διάθεσιν
819 4891 910 4995 πρὸς
939 4899 1070 4986 ξένους
1098 4895 1230 4971 ἐλαίου
1254 4890 1394 4991 μόνον
1418 4892 1536 4987 τίνοι,

151 5014 250 5098 ἄλλοι
269 5021 303 5098 δ’
323 5020 474 5128 ἐξάγειν
488 5017 542 5118 μὴ
564 5022 667 5096 ἐότω.

518 5150 619 5247 (Lex
639 5147 788 5230 Solonis
808 5148 908 5252 apud
928 5147 1115 5224 Plutarch.
1135 5148 1175 5224 in
1195 5146 1437 5250 Solonxm
