3436 5790
215 383 292 459 496
553 403 862 458 oouussrsarus
881 402 935 452 sn
954 400 1020 457 ιιι.
1038 400 1101 457 αι.
1121 401 1185 458 sao.
1204 402 1268 457 ssa

800 588 877 672 Ad
897 590 1013 672 02⁷.

320 757 454 835 Pollux
472 756 577 850 VIII,
600 757 695 832 126:
719 753 765 828 Oi
786 748 1018 831 ναυτοδίκαι
1037 745 1145 844 ἦσαν,
1166 756 1202 829 ol
1221 751 1289 842 τοὶς
1308 751 1372 846 τῆς
1391 759 1519 846 ξενίας
1539 752 1603 829 δί-

214 909 286 967 κας
304 878 528 984 εἰσάγοντες.
560 880 810 974 (Nautodicae
829 880 1117 959 introducebant
1135 883 1414 986 peregrinitatis
1433 885 1601 974 causas.)

319 1028 548 1130 Hesychius:
579 1018 823 1096 Ναυτοόἰκαι
833 1078 845 1111 ,
875 1023 912 1096 oi
931 1027 992 1099 ἐπί
1013 1020 1082 1098 τοῦ
1103 1027 1290 1123 ἐμπορίου
1310 1022 1490 1099 δικασταί
1500 1081 1512 1114 ,
1539 1029 1602 1118 ἐφ’

213 1137 269 1226 ὧν
285 1156 355 1225 καί
375 1153 414 1225 αἱ
433 1149 496 1241 τῆς
524 1153 652 1240 ξενίας
679 1152 882 1246 κρίνονται
912 1145 1030 1223 δίκαι.
1065 1153 1318 1247 (Nautodicae
1345 1164 1430 1229 sunt
1453 1151 1602 1253 judices

212 1289 458 1373 mercaturae,
478 1275 578 1379 apud
597 1302 690 1376 quos
710 1276 821 1353 etiam
840 1275 1116 1376 peregrinitatis
1135 1300 1268 1353 causae
1281 1275 1530 1379 judicantur.)

320 1420 470 1498 Belslser
489 1419 629 1497 Anecd.
648 1445 702 1518 gr.
723 1418 752 1496 I.
779 1447 815 1521 p.
834 1417 932 1493 283:
961 1412 1204 1491 Ναυτσδίκαι
1223 1408 1409 1514 ἄρχοντές
1427 1417 1500 1490 ιιίσι
1519 1424 1603 1503 τοῖς

212 1540 444 1642 ναυκλήροις
472 1539 669 1634 δικάζοτις
695 1547 765 1616 καί
784 1550 864 1628 τοῖς
883 1546 964 1639 περὶ
984 1537 1028 1616 τὸ
1049 1538 1234 1641 ἐμπόριον
1253 1538 1438 1646 ἐργάταις.
1477 1545 1601 1637 (Nau-

212 1668 355 1749 todicae
384 1682 470 1746 sunt
494 1670 751 1771 magistratus,
781 1669 844 1768 qui
872 1669 911 1742 in
940 1668 1051 1744 rebus
1079 1670 1391 1746 naviculariorum
1410 1682 1448 1745 et
1467 1696 1601 1773 opera·

213 1796 350 1872 riorum
369 1794 674 1871 mercatoriorum
690 1792 895 1894 judicant.)

320 1921 452 2001 Aetate
480 1918 744 1996 Demosthenis
764 1910 1020 2018 jam'aboliti3
1050 1944 1176 1996 eorum
1203 1946 1292 1997 vero
1313 1920 1460 2018 agenda
1479 1920 1600 1996 Thes-

130 2108 135 2117 .
212 2046 384 2124 mothetis
403 2044 540 2120 tradita
558 2043 716 2119 fuerant.

798 2198 875 2282 Ad
895 2201 1011 2283 020.

317 2367 409 2444 Illae
425 2379 551 2444 tamen
569 2379 814 2444 mercatorum
832 2370 927 2463 lites,
948 2395 1042 2467 quae
1061 2369 1182 2469 ipsum
1195 2368 1259 2468 jus
1276 2368 1500 2467 litigantium
1521 2393 1598 2442 non

210 2504 332 2568 autem
352 2491 541 2592 publicam
559 2492 768 2569 attinebant
786 2495 1058 2581 oeconomiam,
1079 2494 1181 2593 prius
1200 2492 1502 2584 Nautodicarum,
1524 2505 1598 2567 tar·

185 2618 189 2625 ’
210 2616 292 2694 dius
311 2615 661 2695 Thesmothetarum
680 2620 829 2695 fuerant
842 2618 1091 2720 jurisdictioni
1109 2617 1310 2718 subjectae.

318 2737 695 2843 computationem
720 2743 1081 2835 Baumstarlrii,
1111 2740 1167 2816 De
1188 2741 1419 2819 curatoribus
1440 2740 1599 2842 emporii

211 2877 248 2943 et
266 2865 473 2943 nautodicis
491 2865 591 2967 apud
611 2865 867 2946 Athenienses.
896 2868 1091 2967 (Friburgi
1115 2866 1249 2959 1828.)

795 3078 871 3164 ad
892 3080 1009 3163 0³0.

317 3239 441 3319 Photii
468 3241 540 3320 lex.
568 3242 683 3321 rhet:
724 3244 772 3319 Oi
800 3240 866 3331 ταὶς
892 3238 1067 3329 εὐθύνας
1096 3239 1267 3329 διδόντες
1303 3238 1404 3339 παρὰ
1441 3235 1598 3327 τούτοις

210 3359 490 3461 ἇνακρίνονται
511 3364 684 3462 πρῶτον,
713 3365 794 3443 ιίτα
822 3372 994 3464 ἐφίενται
1016 3372 1069 3456 εἰς
1087 3365 1132 3442 τὸ
1153 3367 1424 3465 δικαστήριον,
1453 3369 1507 3452 εἰς
1527 3371 1596 3441 ἕνα

209 3497 279 3566 καί
298 3494 573 3569 πεντακοσίων.
601 3495 693 3589 (Qui
713 3497 875 3573 rationes
895 3496 1067 3591 reddunt,
1088 3498 1248 3597 primum
1268 3497 1369 3596 apud
1387 3495 1472 3588 hos,
1492 3520 1595 3570 nern-

209 3646 258 3722 pe
276 3621 451 3719 legistas,
480 3619 749 3721 dijudicantur,
779 3621 913 3698 deinde
943 3621 1137 3698 mittuntur
1163 3622 1210 3698 ad
1222 3622 1404 3723 judicium
1426 3619 1537 3696 unius
1559 3632 1598 3696 et

209 3744 529 3845 quingentorum.)

316 3868 748 3971 Bekkersnecd.gr.1.
769 3901 804 3976 p.
825 3874 922 3948 245:
952 3863 1017 3946 ud
1032 3867 1217 3957 deirae:
1245 3873 1387 3968 κυρίως
1415 3861 1460 3958 dr
1486 3867 1596 3946 εἰσά-

209 4017 346 4097 γουσιν
373 3995 411 4066 οἱ
438 4000 614 4100 λογισταί
641 3991 733 4094 πρός
759 3993 852 4082 τούς
881 3993 1065 4088 δόξαντας
1079 3992 1134 4096 μὴ
1156 3992 1282 4096 ὀρθῶς
1302 3989 1415 4096 ολρξαι
1434 3995 1500 4089 τῆς
1520 3994 1594 4072 πό·

209 4124 302 4205 λιως
331 4112 354 4209 ἢ
382 4119 609 4219 πρεσβεῦσαι
636 4117 790 4210 κακῶς,
825 4119 969 4197 καὶτὰ
1000 4119 1225 4221 δικαστήρια
1247 4125 1324 4221 μὲν
1353 4125 1390 4198 οἱ
1419 4127 1595 4228 λογισταί

209 4242 416 4342 πληροῦσι,
446 4257 651 4352 κατηγορεῖ
677 4245 717 4324 δὲ
746 4238 768 4324 ό
791 4245 1039 4347 βουλόμενος.
1075 4251 1291 4351 (Euthynas
1310 4252 1462 4353 proprie
1480 4252 1595 4328 intro·

209 4374 349 4449 ducunt
368 4374 524 4474 logistae
544 4388 674 4452 contra
691 4373 795 4472 illos,
823 4377 887 4476 qui
914 4376 1184 4477 rempublicam
1212 4402 1290 4451 non
1318 4386 1419 4452 recte
1438 4375 1595 4451 admini-

208 4511 346 4576 strasse
366 4500 426 4575 vel
445 4500 673 4600 legationem
692 4502 789 4577 male
807 4502 972 4600 gessisse
1001 4501 1071 4576 visi
1099 4500 1258 4596 fueriut3
1287 4512 1324 4577 et
1337 4498 1477 4600 judicia
1494 4512 1595 4578 sorte

208 4624 438 4701 constituunt
456 4625 639 4724 logistae,
658 4638 807 4702 accusat
826 4653 934 4721 vero,
956 4626 1018 4726 qui
1038 4623 1228 4718 voluerit.)

794 4836 870 4918 Ad
890 4836 1006 4919 ΘΜ.

315 5003 512 5104 Inscriptio
541 5001 641 5103 apud
669 5003 877 5080 Bdckhium
913 5001 1155 5096 (Staatsh.
1185 5003 1220 5081 d.
1249 5002 1420 5084 Athen.
1450 5003 1495 5081 Τ.
1524 5003 1594 5082 111.

206 5156 242 5231 p.
273 5130 350 5203 534
379 5155 425 5206 ex
454 5127 604 5229 Olymp.
637 5129 756 5219 luo:
793 5123 1041 5216 Σωπόλιδος,
1080 5125 1398 5232 εἰσαγόντων
1432 5123 1594 5204 αὐτὸν
