3436 5790
624 373 933 426 COMMENTARIUS
955 377 1006 425 AD
1025 373 1087 426 159.

751 614 826 698 Ad
853 616 960 697 150.

268 781 345 859 Sub
365 784 513 882 legibus
532 810 608 858 non
628 782 776 882 scriptis
801 782 884 857 illae
915 796 1001 858 sunt
1028 782 1317 882 intelligendae,
1348 810 1442 884 quac
1463 796 1549 885 post

160 909 371 985 anarchiam
399 911 438 985 in
467 910 685 987 collectione
713 906 839 1006 legum
859 908 1043 1009 Draconis
1064 918 1099 985 et
1119 907 1268 985 Solonis
1288 936 1365 986 non
1385 911 1548 1011 reperie-

158 1033 305 1110 bantur.
343 1034 454 1110 Unde
483 1046 608 1111 tamen
636 1061 713 1112 non
742 1036 906 1136 sequitur
923 1034 1028 1134 leges
1049 1035 1132 1136 jure
1154 1048 1310 1112 naturae
1329 1038 1493 1112 firmatas
1514 1048 1551 1110 et

160 1161 273 1260 longa
302 1160 570 1236 consuetudine
600 1161 779 1255 sancitas,
819 1160 1077 1237 deficientibus
1116 1159 1285 1262 positivis
1322 1161 1549 1264 reipublicae

160 1286 326 1386 legibus,
356 1286 491 1362 nullius
512 1285 625 1363 fuisse
645 1284 789 1362 valoris.
830 1284 876 1360 V.
906 1286 1135 1362 Platneri
1165 1286 1323 1380 Process,
1344 1314 1378 1364 u.
1399 1287 1434 1364 d.
1455 1287 1547 1365 Kla-

160 1437 243 1510 gen.
263 1441 300 1515 p.
321 1411 383 1488 86.

266 1556 377 1658 Apud
397 1556 585 1633 Romanos
613 1555 794 1654 vigesimo
825 1555 955 1656 quinto
982 1555 1129 1634 circiter
1155 1570 1241 1661 post
1269 1583 1376 1658 reges
1396 1571 1547 1636 exactos

161 1709 259 1759 anno
279 1682 324 1757 T.
343 1681 525 1758 Romilius
543 1692 671 1760 censet
689 1681 832 1782 legatos
852 1695 887 1758 et
908 1681 1074 1761 Athenas
1095 1686 1188 1760 etin
1207 1686 1300 1761 alias
1316 1682 1547 1762 Graecorum

162 1807 273 1883 urbes
292 1808 492 1884 mittendos
513 1834 613 1903 esse,
644 1809 706 1908 qui
735 1810 960 1910 optimarum
989 1810 1112 1910 legum
1132 1812 1349 1911 exemplum
1365 1822 1548 1912 peterent,

163 1959 234 2033 quo
255 1934 373 2030 magis
393 1948 496 2010 certa
514 1932 696 2034 quaedam
714 1933 808 2033 juris
828 1934 948 2010 forma
967 1933 1127 2011 describi
1147 1938 1393 2038 componique
1412 1950 1549 2038 posset.

163 2058 308 2134 Placuit
326 2057 417 2134 haec
443 2060 648 2153 sententia,
678 2060 791 2159 litque
821 2059 1026 2135 secundum
1055 2085 1138 2136 eam
1166 2063 1550 2155 senatusconsultum,

163 2185 262 2284 quod
281 2183 389 2285 plebs
409 2210 556 2285 quoque
576 2186 659 2286 ipsa
676 2186 862 2286 probavit.
884 2186 1016 2285 Legati
1026 2185 1185 2262 Romani
1205 2195 1280 2263 tres
1300 2186 1464 2265 fuerunt:
1485 2187 1550 2289 Sp.

162 2308 401 2386 Posthumius
430 2308 570 2403 Albus,
610 2309 653 2387 A.
684 2309 843 2385 Manlius
874 2322 910 2386 et
939 2310 1088 2387 Servius
1118 2310 1299 2412 Sulpitius
1328 2311 1548 2391 Camerinus
1602 2350 1606 2357 ·

163 2436 312 2527 (Livius
331 2435 399 2528 III,
421 2436 503 2529 31).
541 2435 745 2536 Dionysius
765 2435 893 2511 scribit
913 2437 978 2530 (X,
1002 2436 1092 2529 51),
1122 2436 1254 2514 missos
1279 2462 1428 2538 quoque
1447 2439 1548 2537 lega-

163 2573 219 2637 tos
238 2560 277 2636 in
297 2585 360 2635 eas
380 2557 609 2635 Graecorum
631 2559 820 2649 civitates,
851 2586 945 2659 quae
966 2559 1003 2634 in
1023 2561 1135 2637 Italia
1152 2575 1277 2657 erant,
1308 2589 1403 2664 quae
1432 2590 1549 2663 quon·

163 2687 249 2762 dam
268 2685 406 2784 Magna
426 2684 584 2761 Graecia
603 2683 702 2760 dicta
720 2694 796 2782 est;
825 2710 910 2760 nam
940 2697 977 2760 et
1007 2710 1049 2761 ea
1078 2687 1244 2786 insignes
1273 2686 1437 2764 habebat
1457 2690 1550 2765 civi-

163 2828 256 2893 tates
286 2826 322 2891 et
349 2815 592 2912 legislatores.
631 2815 739 2890 Locri
768 2814 970 2891 servabant
998 2815 1055 2891 sui
1085 2814 1236 2892 Zaleuci
1264 2813 1389 2914 leges,
1419 2813 1550 2891 Thurii

159 2944 244 3045 jura
272 2944 327 3018 sui
356 2940 589 3018 Charondae.
637 2938 711 3016 Sed
741 2938 907 3018 Athenas
945 2940 1202 3042 properabant
1229 2938 1343 3040 legati
1371 2938 1549 3028 Romani,

165 3095 258 3171 quae
277 3066 367 3144 urbs
388 3079 497 3161 tunc',
526 3065 762 3166 gubernante
783 3065 947 3161 Pericle,
977 3064 1158 3166 quaedam
1187 3065 1301 3141 veluti
1321 3048 1451 3142 schola
1469 3064 1548 3158 fuit,

165 3221 256 3296 quae
277 3193 474 3271 Graeciam
494 3194 707 3270 universam
727 3193 909 3288 erudiret,
938 3218 1035 3293 quae
1064 3204 1152 3268 nata
1170 3191 1359 3270 videretur
1378 3190 1425 3267 ad
1445 3190 1549 3289 leges

165 3321 242 3399 aliis
261 3319 410 3425 populis
430 3319 583 3394 dandas.
622 3320 752 3416 Neque
772 3344 862 3394 vero
883 3344 968 3392 cum
987 3317 1131 3394 Pericle
1160 3317 1291 3415 mode,
1321 3318 1388 3394 sed
1409 3328 1549 3395 etcum

166 3445 400 3549 Areopagitis
421 3443 465 3520 de
485 3444 697 3545 republica,
727 3444 773 3519 de
786 3445 893 3543 jure,
922 3443 968 3519 de
997 3443 1144 3541 legibus
1171 3444 1332 3542 colloqui
1350 3444 1465 3542 legati
1483 3472 1549 3545 po·

166 3583 323 3650 tuerunt.

208 3819 211 3823 .
270 3716 498 3792 Prostabant
516 3713 637 3790 adhuc
654 3713 933 3814 religiosissime
954 3714 1074 3790 cultae
1098 3711 1247 3790 Solonis
1266 3715 1381 3811 leges,
1402 3725 1550 3791 centum

166 3844 241 3920 sere
261 3854 299 3917 et
317 3841 568 3942 quadraginta
590 3840 671 3942 jam
700 3867 883 3917 annorum
912 3866 983 3917 usu
1011 3840 1298 3941 comprobatae,
1328 3841 1463 3938 quibus
1492 3841 1552 3916 vel

165 3968 397 4077 honestiores
417 3968 476 4042 vel
497 3968 701 4069 aequiores,
722 3965 782 4042 vel
801 3966 849 4042 ad
868 3966 1139 4066 rempublicam
1159 3966 1455 4042 constituendam
1475 3992 1550 4042 me·

165 4095 275 4171 liores
303 4094 487 4170 conscribi
516 4121 592 4170 non
620 4120 750 4194 posse,
790 4093 1016 4193 prudentum
1054 4093 1220 4186 omnium
1248 4093 1437 4168 sententia
1461 4103 1551 4170 erat.

166 4221 250 4322 lpse
281 4219 412 4296 Cicero
441 4220 493 4296 ait
527 4224 634 4321 (pro
664 4219 704 4294 L.
734 4219 931 4295 Flacco,
960 4218 1051 4309 26):
1093 4218 1254 4314 „adsunt
1277 4215 1550 4312 Athenienses,

165 4347 261 4421 unde
283 4346 466 4439 doctrina,
487 4345 715 4438 humanitas,
734 4345 887 4444 religio‘,
908 4344 1057 4441 buges,
1079 4344 1160 4443 jur
1173 4370 1214 4436 a,
1239 4344 1282 4418 le
1294 4368 1380 4440 ges
1400 4356 1553 4436 ortae,

166 4483 274 4572 atque
293 4474 332 4547 in
351 4498 479 4548 omnes
498 4482 615 4547 terras
635 4469 853 4547 distributae
873 4466 1087 4571 putantur.“

272 4612 367 4690 Cum
386 4617 500 4713 legati
521 4627 608 4717 post
630 4617 832 4691 triennium
860 4614 1000 4690 reversi
1029 4623 1172 4706 essent,
1202 4622 1354 4689 senatus
1374 4617 1551 4715 populus·

168 4768 236 4841 que
255 4741 438 4834 decreuit,
460 4742 589 4817 decem
608 4768 628 4816 e
648 4740 882 4818 senatoribus
903 4741 1003 4815 viros
1024 4737 1245 4837 deligendos
1264 4764 1367 4831 esse,
1392 4739 1456 4838 qui
1475 4752 1513 4815 et
1533 4767 1552 4814 e

168 4869 295 4968 patriis
325 4866 656 4943 consuetudinibus
692 4879 728 4942 et
757 4863 989 4943 Graecorum
1018 4863 1165 4963 legibus
1194 4874 1334 4939 certam
1365 4865 1553 4962 quandam

169 4994 386 5092 colligerent
414 5003 754 5092 componerentque
787 4992 882 5092 juris
923 4989 1094 5092 perpetui
1128 4987 1294 5065 formam.
1341 4989 1552 5066 Decemviri

169 5119 291 5220 itaque
319 5132 398 5196 toto
429 5144 526 5196 anno
554 5118 698 5218 legibus
728 5118 996 5221 componendis
1024 5140 1180 5216 operam
1208 5115 1369 5214 dabant3
1397 5140 1468 5193 nec
1485 5143 1553 5219 pu-
