3436 5790
504 403 813 466 000000οΑοιοο
832 402 886 461 ao
906 397 969 464 trs.
990 396 1052 464 tta
1075 396 1137 462 tto.
1157 396 1220 464 r'sr'.
1475 370 1551 464 513

751 597 827 681 Ad
851 596 965 682 ⁷45.

251 747 395 825 ·Lexic.
426 749 516 824 rhet.
544 747 590 824 ad
616 747 703 824 calc.
724 747 848 823 Photii
877 775 913 848 p.
933 747 1022 839 670,
1044 748 1115 823 30:
1148 744 1236 820 Τῶν
1255 742 1293 821 δι’
1314 739 1459 847 ψήφων
1478 744 1550 819 slot

159 863 233 943 τοῦ
257 871 332 967 μὲν
360 866 569 957 διώκοντος
597 871 636 945 αὶ
658 851 957 968 ’τετρυπημέναῃ
986 867 1058 944 τοῦ
1089 866 1127 944 δὲ
1157 867 1372 976 φεύγοντος
1400 871 1438 944 αἱ
1458 866 1552 961 πλή-

160 1023 252 1091 ρεις·
282 987 453 1094 ὁποτέρῳ
474 994 508 1068 δ’
528 990 579 1070 dv
598 998 751 1080 πλείους
771 999 979 1098 γένωνται,
1009 985 1124 1081 οὗτος
1144 998 1278 1072 ἐνίκα·
1307 991 1372 1072 ὅτε
1391 994 1430 1072 δὲ
1451 991 1551 1085 ἶσαι,

160 1111 360 1225 ὁοιύγων
381 1116 607 1225 ἀπέφευγεν.
646 1121 809 1217 (Calculi
828 1122 1053 1227 accusatoris
1080 1135 1166 1198 0001
1186 1124 1385 1223 perforati,
1415 1124 1469 1200 rei
1489 1151 1553 1199 au·

160 1259 235 1322 tem
255 1247 368 1349 pleni.
399 1249 472 1340 Qui
492 1259 617 1324 autem
637 1249 761 1348 plures
782 1248 936 1324 haberet
955 1247 1139 1343 calordos,
1164 1251 1193 1322 is
1214 1249 1398 1333 vincebat,
1428 1249 1552 1343 Quum

162 1399 253 1449 vero
272 1374 352 1474 pari
373 1385 499 1450 essent
516 1400 692 1468 numero,
722 1398 807 1449 reus
826 1360 1126 1465 absolvebatur.)

269 1497 394 1576 Schol.
414 1499 453 1573 in
475 1496 712 1599 Aristophan.
732 1496 826 1573 Ran.
847 1497 945 1573 685:
975 1488 1073 1571 ὅταν
1098 1495 1176 1570 ι”σαι
1198 1497 1237 1570 αὶ
1258 1492 1383 1596 ψῆφοι
1403 1497 1549 1599 γένον-

162 1650 245 1711 ται,
266 1618 474 1697 ἀπολύεται
496 1613 517 1698 ὁ
538 1617 885 1725 κατηγορούμενος.
915 1622 976 1717 (si
995 1626 1076 1727 pari
1097 1651 1252 1701 numero
1272 1625 1411 1702 luerint
1429 1627 1550 1702 calcu-

162 1736 204 1844 li,
225 1749 432 1826 absolvitur
452 1752 568 1840 reus.)
1204 1749 1208 1757 ’

750 1851 827 1935 Ad
851 1855 966 1936 ⁷4⁷.

271 2018 405 2098 Pollux
425 2020 529 2115 VIII,
550 2019 621 2096 63:
650 2013 832 2117 ἀτίμητος
851 2016 964 2112 δίκη,
994 2009 1041 2112 ἣν
1069 2015 1148 2096 οὐκ
1177 2022 1280 2098 ἔστιν
1308 2001 1552 2120 claromarisc-

164 2146 280 2232 σθαι,
310 2138 409 2218 ἀλλὰ
429 2140 620 2217 τοσούτου
640 2147 894 2241 ι’πιτιτίμηται
907 2200 918 2233 ,
948 2137 1045 2219 ὅσου
1071 2150 1351 2255 ἐπιγέγραπται.
1381 2144 1553 2241 (Inaesti-

164 2283 304 2346 matum
327 2271 529 2372 judicium,
568 2270 668 2372 quod
705 2270 824 2373 pluris
862 2272 1059 2348 aestimare
1094 2275 1304 2368 nonlicet,
1342 2272 1409 2349 sed
1438 2271 1552 2364 tanti,

164 2398 293 2496 quanti
312 2396 534 2498 inscriptum
555 2407 612 2472 est
630 2396 879 2487 aestimatur.)

272 2520 483 2598 Scholiasta
510 2523 548 2597 in
577 2519 844 2598 Demosthenis
863 2520 1078 2598 Midiananr.
1102 2522 1189 2618 523,
1213 2523 1230 2596 1
1256 2522 1365 2617 dicit,
1397 2519 1497 2623 quod
1516 2521 1554 2596 in

165 2645 320 2749 privatis
349 2646 476 2723 litibus
504 2648 585 2743 lex,
614 2648 651 2722 10
679 2645 838 2749 publicis
867 2657 1060 2725 accusator
1090 2648 1218 2724 lecerit
1248 2647 1553 2727 aestimationem.

164 2772 286 2874 Hujus
306 2771 508 2849 falsitatem
528 2771 690 2849 ostendit
708 2772 827 2850 Meier
846 2786 884 2849 et
903 2773 1152 2850 Schoernann.
1182 2773 1278 2866 (Der
1296 2770 1552 2849 attischePro·

164 2922 246 2974 cess
266 2926 302 3000 p.
326 2898 433 2988 173.)

177 3035 180 3039 ’
272 3022 332 3100 Of.
364 3023 502 3101 Lexica
527 3022 680 3126 Seguer.
709 3053 745 3128 p.
766 3025 844 3099 202
865 3036 903 3102 et
921 3026 1008 3100 459.
1038 3023 1283 3103 Scholiastam
1303 3027 1341 3103 in
1360 3025 1552 3103 Demosth.

166 3147 359 3226 Calliclem
383 3150 496 3244 1278,
517 3152 578 3225 27.

752 3252 828 3337 Ad
853 3256 968 3339 ⁷50.

273 3419 489 3496 Falsitatem
508 3418 617 3521 hujus
635 3420 731 3520 legis
750 3419 945 3497 ostendere
963 3431 1119 3497 conatur
1146 3421 1414 3500 Platnerus
1442 3422 1553 3514 (Pro-

165 3571 245 3622 cess
265 3547 293 3623 Ι.
314 3573 350 3646 p.
371 3545 490 3642 205);
518 3544 584 3620 sed
601 3546 809 3641 incassum3
837 3571 925 3621 nam
953 3545 1024 3620 loci
1049 3545 1193 3622 classici
1213 3546 1260 3622 ab
1280 3546 1344 3621 illo
1363 3546 1466 3621 citati
1484 3544 1554 3622 hoc

166 3682 310 3746 tantum
339 3669 520 3773 probant,
549 3670 588 3746 10
618 3671 808 3751 nonnullis
836 3670 985 3748 casibus
1013 3696 1081 3772 per
1108 3673 1208 3774 ipsas
1236 3671 1338 3770 leges
1366 3670 1555 3772 duplicem

166 3795 279 3872 fuisse
310 3798 550 3891 constitutam
577 3823 749 3898 poenam.
797 3797 878 3874 Lex
906 3808 1030 3873 autem
1060 3812 1186 3872 nostra
1215 3796 1323 3891 dicit,
1352 3794 1556 3897 judices

166 3945 243 3995 non
262 3948 372 4022 posse
394 3922 581 4023 duplicem
603 3923 742 3999 dictare
762 3949 934 4024 poenam.

755 4114 831 4198 An
852 4116 967 4198 ⁷54.

274 4262 408 4341 Suidas
437 4289 466 4341 s.
486 4290 521 4340 v.
545 4256 787 4360 ‘Enofiellos
815 4260 911 4340 Cum
939 4260 1044 4338 mulii
1074 4262 1194 4338 bonos
1223 4271 1261 4337 et
1288 4259 1433 4362 quietos
1453 4260 1554 4337 cives

166 4390 410 4492 pecuniarum
435 4416 548 4467 00000
576 4388 912 4484 calumniarentur,
940 4413 1031 4491 prae
1060 4387 1192 4463 ceteris
1221 4397 1346 4463 autem
1371 4385 1397 4461 11
1425 4385 1488 4487 qui
1516 4384 1564 4464 in*

166 4528 330 4592 mercatu
354 4515 603 4593 versabantur
622 4528 658 4590 et
677 4513 826 4590 nautico
846 4513 975 4591 fenore
1005 4511 1203 4614 pecuniam
1230 4508 1454 4607 credebant,
1482 4509 1555 4588 hoc

166 4642 315 4717 nomine
336 4642 431 4718 male
451 4640 640 4734 audirent3
668 4636 917 4716 Athenienses
944 4636 1118 4714 mulctam
1147 4648 1357 4714 statuerunt
1383 4637 1423 4714 in
1447 4658 1554 4712 accu-

166 4780 330 4858 satores,
359 4769 409 4842 ita
429 4781 468 4843 ut
486 4766 640 4843 obolum
659 4767 938 4868 persolverent,
967 4762 1037 4839 0101
1067 4790 1151 4839 reos
1175 4764 1433 4865 peregissent,
1462 4786 1555 4860 quos

167 4905 392 4968 accusarent.
421 4894 529 4969 Hanc
548 4892 662 4988 igitur
682 4901 865 4967 vocarunt
882 4882 1106 4984 incastellare.

274 5016 388 5092 'Peste
416 5017 615 5093 scholiasta
640 5017 678 5091 10
700 5011 871 5092 Aeschin.
892 5013 1077 5091 Timaroh.
1100 5011 1188 5111 163,
1216 5013 1340 5114 legem
1369 5005 1555 5088 100οι10-

169 5140 301 5218 chinus
319 5143 478 5241 rogavit.

1300 5263 1342 5329 33
