3404 5782
694 423 756 476 JUS
773 421 984 475 ruuulcuu.

782 613 896 692 1204.

256 761 474 839 Sententiae
502 772 628 837 autem
655 759 817 859 scriptae
845 761 938 835 fiant
966 760 1040 837 duo
1070 761 1318 863 exemplaria,
1355 761 1551 861 deturque

150 887 302 967 cuilibet
318 887 481 989 partium
500 885 726 984 litigantium
743 910 869 960 unum.

791 1045 905 1121 1205.

162 1271 166 1277 ,
252 1182 342 1262 Ἐπὶ
371 1183 443 1263 τόν
467 1185 580 1274 δίκας
607 1181 765 1262 διδόντα
795 1181 842 1260 od
873 1183 1058 1285 πρότερον
1089 1183 1254 1285 νόμιμον
1283 1179 1333 1272 ὦς
1362 1193 1426 1262 ἐπ’
1458 1182 1551 1261 ἀδι-

153 1313 303 1391 κοῦντα
322 1316 432 1392 ι’έναι.
793 1423 895 1497 1205
1047 1312 1276 1416 (Thucydid.
1296 1317 1326 1410 Ι,
1347 1316 1439 1408 85.)

261 1549 325 1645 Εἰ,
354 1550 416 1651 qui
444 1574 483 1625 se
505 1547 646 1650 judicio
676 1550 805 1643 offert,
837 1549 978 1625 bellum
1006 1561 1047 1625 ut
1074 1548 1248 1650 injuriam
1266 1548 1424 1625 facienti
1444 1549 1552 1651 prius

155 1674 292 1753 inferre
313 1702 390 1751 non
410 1675 508 1751 licet.

794 1782 907 1859 1206.

260 1922 374 1999 Σῦλα
402 1925 550 1998 πλοίων
577 1924 772 2020 πολεμίων
808 1919 928 2011 εἶναι,
967 1927 1037 1996 καὶ
1066 1927 1243 2027 γίνεσθαι
1272 1919 1321 1999 vol
1351 1920 1552 2022 τιμήματα

156 2047 236 2125 τῶν
253 2048 413 2125 κλοπῶν
431 2044 604 2148 δημόσια.

386 2174 597 2278 (Anonymi
615 2201 757 2274 argum.
777 2174 812 2250 in
833 2175 1026 2252 Demosth.
1047 2203 1077 2253 c.
1098 2177 1299 2254 Timocrat.
1320 2178 1438 2271 695.)

793 2336 905 2413 1206.

263 2464 437 2541 Hostium
456 2489 573 2539 naves
588 2461 750 2565 praedae
760 2462 835 2538 sint
845 2472 882 2539 et
891 2464 1052 2564 pretium
1062 2475 1253 2566 raptorum
1265 2464 1470 2567 publicum
1480 2469 1552 2545 fiat

799 2620 913 2696 1207.

266 2767 313 2840 Οἱ
333 2761 592 2863 περιπεσόντες
612 2757 832 2863 ἀνθρώποις
852 2759 1030 2859 ἐμπόροις
1051 2760 1312 2864 ἀφαιροῦνται
1343 2760 1487 2841 αὐτῶν
1510 2762 1553 2840 soi

153 2887 351 2987 χρήματα·
385 2883 466 2962 κάν
494 2891 531 2962 οἱ
561 2889 720 2986 ἔμποροι
750 2883 931 2974 ἐλθόντες
958 2885 1030 2964 τόν
1055 2887 1178 2988 δῆμον
1203 2889 1433 2980 ἱκετεύωσι,
1466 2883 1488 2968 ό
1517 2890 1552 2965 δέ

160 3011 275 3111 δῆμος
293 3010 375 3115 γνῷ
395 3016 555 3110 πολέμια
566 3009 665 3087 εἶναι
679 3008 725 3084 roi
731 3008 925 3110 χρήματα,
941 3011 995 3111 μή
1009 3011 1255 3106 ἀποδοθῆναι
1265 3026 1347 3103 τοῖς
1358 3015 1551 3116 ἐμπόροις.

432 3138 604 3232 (Libanii
623 3165 765 3239 argum.
784 3141 822 3214 in
841 3141 1033 3219 Demosth.
1054 3169 1084 3220 c.
1106 3144 1306 3221 Timocrat.
1327 3147 1447 3239 604.)

796 3301 910 3378 1207.

268 3428 340 3522 Qui
359 3424 573 3524 navigando
591 3424 630 3502 in
650 3424 819 3504 homines
837 3437 1064 3505 mercatores
1083 3428 1262 3526 incidunt,
1284 3433 1494 3532 pecuniam
1511 3433 1550 3507 iis

160 3563 319 3658 possunt
336 3553 499 3654 eripere3
527 3562 565 3628 et
584 3553 614 3627 si
634 3566 857 3631 mercatores
885 3554 921 3629 in
952 3554 1085 3630 urbem
1112 3557 1269 3656 profecti
1299 3559 1448 3660 populo
1469 3586 1547 3658 sup·

161 3677 405 3782 plicaverint,
442 3679 605 3780 populus
633 3689 758 3755 autem
786 3680 1012 3773 decreverit,
1044 3705 1126 3755 eam
1150 3681 1353 3781 pecuniam
1383 3683 1548 3760 hostilem

162 3830 265 3903 esse3
292 3830 370 3880 non
388 3802 547 3906 amplius
566 3814 715 3906 oportet
733 3802 839 3879 reddi
858 3804 1136 3881 mercatoribus.

739 3932 746 3971 ⁴
804 3963 918 4042 reos.

265 4101 363 4181 Ἐάν
380 4135 436 4191 τις
453 4108 571 4205 βιαίῳ
598 4101 756 4204 θανάτῳ
777 4099 983 4203 ἀποθάνῃ,
1012 4100 1107 4206 ὑπὲρ
1127 4106 1269 4185 τούτου
1294 4123 1377 4199 τοῖς
1409 4109 1544 4210 προσή-

166 4257 306 4307 κουσιν
324 4229 423 4307 εἶναι
441 4228 508 4318 τάς
528 4227 812 4331 ἀνδροληψίας,
841 4240 906 4321 ἕως
925 4229 977 4309 ἀν
998 4228 1021 4324 ἢ
1041 4232 1154 4322 δίκας
1172 4234 1243 4309 τοῦ
1269 4233 1403 4330 φόνου
1432 4231 1544 4314 ἀπόσ-

161 4384 307 4454 χωσιν,
337 4351 467 4447 ἢτοός
487 4353 791 4444 ἀποκτείνοντας
809 4356 968 4433 ἐκδῶσι·
998 4356 1069 4450 τὴν
1097 4358 1136 4436 δὲ
1162 4358 1440 4463 ἀνδροληψίαν
1458 4362 1543 4440 εἶναι

162 4487 274 4582 μέχρι
293 4481 431 4581 τριῶν,
460 4486 576 4558 πλέον
596 4479 634 4558 δὲ
649 4479 715 4579 μό.
851 4490 1062 4580 (Demosth.
1083 4515 1113 4564 c.
1135 4487 1307 4567 Aristocr.
1335 4493 1450 4586 648.)

808 4649 921 4725 1208.

276 4791 416 4893 Siquis
435 4790 598 4868 violenta
616 4801 734 4869 morte
754 4793 992 4891 occubuerit3
1020 4795 1060 4872 in
1084 4797 1164 4895 ejus
1183 4797 1368 4872 ultionem
1387 4799 1546 4899 cognatis

168 4945 328 5018 corpora
345 4917 542 5018 pignerare
561 4916 822 5012 liceat,·donec
840 4930 904 4994 aut
922 4921 1046 4996 caedis
1059 4923 1123 5021 jus
1143 4922 1392 5022 praebuerint
1410 4940 1474 5003 aut
1491 4928 1544 5000 ho·

168 5043 324 5120 micidas
344 5042 573 5118 tradiderint.
593 5044 793 5144 Capiendis
812 5058 938 5120 autem
956 5072 1154 5147 corporum
1174 5047 1403 5147 pignoribus
1424 5055 1469 5128 ad
1488 5067 1546 5127 ter-

168 5171 262 5252 tium
280 5193 396 5277 usque
414 5169 611 5277 progredi,
636 5169 733 5250 ultra
750 5171 868 5252 nefas.
