3436 5790
152 382 238 459 000
656 427 659 441 ·
710 406 771 455 rus
791 401 1001 459 rusnrouu.

161 598 310 692 στηρίῳ.
360 598 571 696 Γίγνονται
600 589 639 668 δὲ
669 595 739 665 καί
767 594 1002 691 εἰσαγγελίαι
1030 586 1134 667 κατὰ
1164 588 1244 665 τῶν
1269 585 1553 678 καταλυόντων

160 715 231 796 τὸν
261 716 384 817 δῆμον
414 715 581 816 ῥητόρων
608 711 630 807 ἢ
653 711 707 812 με)
737 711 784 789 τά
814 707 949 811 ἀρίστα
980 713 1034 813 rui
1064 711 1171 814 δήμῳ
1199 712 1396 818 λεγόντων
1417 708 1439 805 ἢ
1458 710 1552 811 πρὸς

95 892 98 896 ,
139 841 251 930 τούς
280 847 486 942 πολεμίους
516 836 611 918 ἀνευ
630 840 701 916 τοῦ
732 839 960 938 πεμφθῆναι
989 836 1246 916 ἀπελθόντων
1273 834 1296 931 ἢ
1325 837 1552 943 προδόντων

161 966 351 1070 φρούριον
372 964 394 1059 ἢ
414 966 600 1068 στρατιάν
618 963 641 1059 ἢ
661 965 766 1054 ναῦς.
951 969 1107 1061 (Pollux
1126 967 1229 1061 VIII,
1251 969 1442 1061 51--52.)

812 1094 903 1170 802.

267 1221 306 1299 Si
324 1223 527 1324 iniquitatis
546 1230 724 1322 arguatur
742 1229 807 1295 aut
825 1218 965 1294 archon
985 1228 1050 1294 aut
1080 1219 1205 1299 rhetor
1224 1218 1431 1324 quispiam,
1461 1245 1551 1296 oon·

160 1357 219 1422 tra
245 1345 343 1422 hunc
373 1348 518 1424 senatui
556 1343 852 1424 denunciationis
883 1343 1068 1444 judicium
1106 1344 1359 1422 committitur.
1406 1345 1551 1442 Quodsi

27 1570 31 1574 ,
161 1471 395 1568 mediocriter
414 1473 611 1573 deliquisse
633 1470 821 1562 videatur,
852 1478 1006 1544 senatus
1033 1469 1191 1546 mulctae
1216 1470 1437 1548 arbitrariae
1457 1470 1549 1545 irro-

161 1597 353 1694 gationem
378 1597 591 1690 constituit,
619 1594 649 1670 si
670 1622 760 1669 vero
779 1591 952 1690 gravius,
983 1594 1064 1668 foro
1089 1595 1295 1671 committit.
1333 1594 1549 1671 Denuneia·

160 1721 282 1797 tiones
302 1723 413 1797 etiam
435 1725 527 1798 fiunt
545 1733 675 1797 eontra
705 1719 870 1795 rhetores
899 1720 1029 1820 populi
1057 1733 1194 1796 statum
1223 1732 1455 1814 evertenteS,
1486 1728 1552 1794 aut

162 1871 239 1921 non
270 1847 413 1947 optima
440 1846 579 1947 populo
607 1845 865 1937 consulentes,
894 1857 963 1920 aut·
986 1859 1117 1923 eontra
1145 1872 1209 1922 eos
1237 1847 1300 1946 qui
1330 1845 1378 1921 ad
1403 1844 1551 1937 hostes,

162 1970 267 2044 nullo
286 1982 441 2071 accepto
461 1971 656 2065 mandato,
677 1971 835 2073 profecti
859 1970 1017 2065 fuerint,
1037 1983 1101 2047 aut
1118 1983 1249 2051 eontra
1268 1969 1550 2072 praesidiorunn

163 2095 365 2190 exereitus,
393 2098 620 2196 naviumque
639 2096 856 2199 proditores.

815 2255 903 2329 803.

271 2392 354 2470 etv
382 2426 436 2483 τις
467 2391 536 2469 τὸν
563 2393 687 2493 δῆμον
724 2387 993 2492 ἀποσχόμενος
1026 2395 1266 2494 ἐξαπατήσῃ,
1306 2400 1556 2500 εἰσαγγελίαν

164 2515 261 2594 εἶναι
282 2525 363 2620 περί
384 2516 520 2596 αὐτοῦ.
781 2523 993 2616 (Demosth.
1015 2523 1100 2599 adv.
1122 2524 1286 2600 Timoth.
1310 2524 1443 2615 1204.)

815 2688 904 2762 803.

272 2812 343 2907 Qui
373 2813 551 2913 populum
580 2810 790 2914 pollicendo
819 2811 1028 2912 deceperit,
1059 2812 1355 2888 denunciationis
1368 2809 1555 2914 judicium

164 2937 376 3012 instituatur
396 2937 575 3012 adversus
594 2935 708 3011 illum.

812 3043 901 3118 8021.

273 3180 385 3258 Εἶναι
414 3179 453 3256 δι’
482 3186 552 3256 καί
588 3186 832 3286 εἰσαγγελίαν
862 3181 1017 3274 είςτὴν
1043 3182 1217 3284 βουλὴν,
1255 3181 1325 3261 ε’ἀν
1352 3214 1407 3272 τις
1435 3178 1555 3283 ἀδικῇ

167 3312 247 3409 περὶ
268 3306 315 3383 roi
338 3315 381 3383 ἐν
399 3317 479 3395 τοῖς
498 3311 679 3408 νεωρίοις.
1180 3303 1186 3316 ’

274 3437 465 3539 (Inscript.
495 3437 593 3539 apud
614 3438 866 3515 Boeckhium:
897 3443 1037 3518 Oecon.
1059 3443 1161 3542 publ.
1183 3440 1317 3650 effluep.
1337 3440 1447 3639 3511).

818 3658 906 3731 804.

272 3779 521 3859 Denuneiatio
547 3782 612 3857 fiat
632 3781 742 3858 etiam
762 3781 809 3857 ad
829 3793 1021 3877 senatum,
1050 3783 1081 3858 si
1102 3782 1185 3884 quis
1204 3780 1437 3883 iniquitatem
1456 3808 1559 3860 eom-

167 3907 290 3984 mittat
307 3907 407 3985 eirea
424 3931 483 3983 res
502 3906 550 3983 ad
570 3906 720 3985 navalia
738 3917 959 4008 spectantes.

818 4070 907 4144 805.

199 4242 203 4257 ·
237 4240 240 4247 ·
279 4203 380 4294 Τούς
408 4206 609 4306 πρυτάνεις
643 4207 882 4312 προγράφειν
914 4209 969 4308 τῷ
997 4214 1286 4314 είσαγγελθίντι
1314 4209 1387 4302 τὴν
1414 4219 1557 4311 κρίσιν.

169 4336 380 4430 lunops‘rnc
409 4331 447 4408 δὲ
476 4333 541 4424 τῆς
569 4337 728 4432 κρίσεως
754 4342 798 4410 ἐν
821 4333 865 4432 τῇ
884 4333 1008 4433 βουλῇ
1021 4393 1031 4426 ,
1063 4342 1132 4410 καί
1153 4333 1418 4426 ἀποδοθέντος
1437 4338 1561 4444 λόγου

168 4459 339 4558 ίαατίρῳ
350 4514 361 4548 ,
379 4457 567 4559 ’κρύβδην
586 4459 890 4560 διαψηφίζανιαι
909 4464 945 4537 σί
964 4467 1172 4562 βουλευταί
1191 4457 1245 4538 ἀν
1264 4463 1362 4562 δοκῇ
1382 4463 1558 4542 ἀδικεῖν·

168 4585 240 4657 καί
259 4582 387 4659 ἔπειτα
415 4582 694 4684 διαχειροτονεῖ
713 4577 733 4676 ἦ
754 4582 879 4684 βουλὴ
910 4584 1049 4686 πότερα
1078 4586 1309 4688 δικαστηρίῳ
1339 4589 1499 4690 παραδῷ
1527 4588 1561 4684 ri*

171 4702 338 4807 ζψιάσῃ
355 4720 438 4798 ταῖς
456 4715 748 4801 πεντακοσίαις,
778 4705 873 4794 ὅσον
892 4717 969 4791 ε’στί
989 4717 1108 4814 κυρία
1127 4709 1229 4787 aurei
1248 4712 1321 4791 τάν
1341 4714 1474 4814 νόμον.

449 4903 453 4909 .
589 4841 802 4949 (Demosth.
823 4843 861 4918 in
882 4843 1019 4944 Euerg.
1039 4857 1077 4920 et
1096 4843 1291 4922 Mnesibul.
1315 4845 1450 4940 1152.)

819 5004 909 5081 805.

659 5106 786 5247 indicii
814 5128 914 5213 diem
926 5228 929 5233 1
941 5130 1240 5241 denunciationis
1257 5134 1407 5214 actione
1427 5136 1559 5239 petito,
