3436 5790
549 408 856 464 consummares
875 406 928 460 un
948 407 1011 464 294.
1031 408 1094 465 aso.
1114 407 1176 464 aar.
1472 388 1546 473 461

164 601 337 682 referunt
355 604 575 681 docentibus
594 600 802 681 rationibus
821 599 972 704 Olymp.
995 603 1084 700 111,
1105 604 1130 679 3
1159 628 1250 704 quas
1278 603 1365 681 dedi
1388 604 1427 682 in
1446 602 1551 683 Actis

162 727 605 821 QuaestorurnNr.157.
644 731 774 828 Itaque
803 728 888 806 vide
916 755 964 806 ne
991 729 1042 805 illi
1069 730 1117 807 ad
1146 756 1252 809 sacra
1279 730 1482 831 quaedam,
1511 732 1550 808 in

163 853 296 955 quibus
314 855 478 957 populus
497 856 732 958 epularetur,
752 855 1041 934 convocaverint
1059 855 1161 933 cives
1179 883 1287 953 suos,
1307 855 1466 959 indeque
1485 884 1549 933 no-

163 1004 249 1055 men
268 982 468 1057 traxerint:
496 981 728 1085 optimatium
756 982 857 1059 bona
883 991 1030 1076 autem,
1059 1006 1154 1082 quae
1183 993 1224 1058 ut
1252 983 1549 1084 publicarentur,

161 1105 199 1179 in
227 1103 387 1182 indicem
415 1104 533 1183 relata
560 1108 608 1182 ab
637 1106 709 1182 illis
734 1104 925 1199 dicuntur,
954 1117 1158 1206 potuerunt
1176 1119 1259 1208 post
1278 1097 1491 1185 anarcbiam
1510 1109 1548 1185 in

160 1230 281 1331 ipsum
300 1231 399 1307 hune
418 1231 612 1333 epularum
633 1257 740 1307 usum
758 1229 945 1307 converti:
974 1230 1289 1330 quemadmodum
1308 1235 1406 1310 bona
1425 1233 1547 1335 publi-

160 1369 243 1435 cata
271 1356 370 1437 haud
399 1384 483 1436 raro
512 1360 655 1460 populo
685 1359 823 1437 viritim
852 1357 1051 1436 distributa
1076 1357 1199 1437 sunt.“
1240 1357 1355 1461 Corp.
1376 1360 1548 1461 Inscript.

160 1510 215 1583 gr.
236 1484 264 1560 I.
284 1511 321 1585 p.
344 1483 433 1560 138.

268 1609 325 1686 Of.
344 1610 456 1686 etiam
475 1607 653 1687 Boeclsbii
672 1607 763 1688 Oec.
782 1610 886 1709 publ.
907 1610 953 1685 Τ.
973 1611 1020 1688 Il.
1040 1637 1076 1710 p.
1098 1610 1186 1686 127.

267 1734 537 1837 Harpocratio:
566 1736 606 1805 Σ
613 1737 666 1808 vl
679 1731 849 1836 λσγῆς·
878 1725 1006 1830 ὄνομα
1026 1727 1155 1834 ἀρχῆς.
1182 1728 1324 1819 Ἰσαῖος
1342 1737 1385 1809 ἐν
1403 1729 1458 1830 τῷ
1473 1763 1547 1832 με·

162 1856 326 1955 τοικικῴ
347 1861 565 1952 σαφέστατα
587 1854 704 1947 δηλοῖ.

748 1983 825 2067 Au
845 1985 961 2067 204.

268 2129 603 2232 Harpocratio
632 2158 661 2207 s.
681 2158 715 2207 v.
745 2125 929 2220 Ζητνσὴςτ
949 2129 1191 2229 Magistratus
1211 2127 1369 2210 Athenis
1387 2129 1434 2208 ad
1454 2141 1545 2207 tem·

161 2280 231 2356 pus
259 2238 501 2350 constitutus,
529 2256 560 2331 si
590 2255 741 2355 quando
769 2254 991 2356 anquirendi
1020 2266 1164 2351 essent,
1193 2255 1256 2354 qui
1285 2254 1434 2357 publice
1454 2256 1547 2356 inju-

162 2381 248 2456 riosi
268 2381 438 2458 fuissent.

268 2505 449 2583 Suidas
477 2533 505 2583 s.
524 2533 560 2581 v.
579 2505 765 2594 qusni:
785 2506 1030 2608 Inquisitores
1050 2517 1159 2583 erant
1177 2505 1413 2604 magistratus
1433 2505 1547 2583 Athe·

161 2630 219 2705 nis
238 2631 349 2707 certis
368 2629 598 2734 temporibus
618 2642 783 2723 creatus,
813 2630 860 2707 ad
889 2656 999 2731 quem
1028 2628 1295 2709 deferebantur
1322 2632 1366 2728 ii,
1395 2629 1457 2734 qui
1479 2632 1546 2706 rei·

161 2755 331 2854 publicae
351 2757 545 2859 pecuniam
567 2756 776 2851 debebant,
804 2781 874 2833 nec
893 2758 1161 2861 persolverant.

269 2881 510 2985 Anonymi
539 2911 718 2984 argum.
746 2885 794 2960 in
822 2881 1068 2962 Demostlr.
1098 2907 1128 2959 c.
1158 2881 1423 2959 Timocrat.
1450 2881 1546 2956 696:

162 3003 286 3102 Quum
304 3011 518 3114 respublica
535 3013 716 3114 pecuniae
734 3010 863 3112 inopia
880 3009 1089 3104 laboraret,
1110 3006 1339 3110 Aristophon
1359 3008 1547 3085 decretum

161 3146 289 3232 rogat,
324 3149 364 3212 ut
391 3137 725 3238 inquisitores
753 3135 968 3238 deligantur
997 3135 1173 3230 (ἑλέσθαι
1201 3127 1375 3226 ζητητάς)
1406 3158 1545 3228 eorum,

161 3259 224 3357 qui
242 3262 385 3337 aerario
403 3260 586 3339 deberent
604 3273 642 3339 11
659 3262 775 3340 latere
795 3260 1009 3355 studerent,
1038 3272 1153 3363 utque
1171 3259 1253 3337 illos
1272 3259 1447 3338 indicent.

269 3383 402 3463 Pollux
427 3386 531 3478 VIII,
563 3387 658 3461 115:
688 3387 951 3491 Inquisitores,
979 3412 1119 3464 nomen
1147 3384 1343 3487 cujusdam
1371 3383 1546 3486 publicae

161 3506 382 3606 functionis,
403 3513 466 3613 qui
486 3511 638 3589 latentia
657 3513 856 3613 inquirunt.

268 3634 328 3712 cf.
348 3634 471 3714 Schol.
491 3637 530 3714 in
550 3638 792 3717 Demosthen.
812 3636 1013 3716 'I'imocrat
1034 3636 1123 3733 703,
1146 3637 1206 3714 10.

747 3847 824 3932 Ad
844 3849 961 3935 Μ.

267 4013 622 4117 Harpocratio:
651 4007 876 4110 Μαστῆρες,
895 4012 1137 4114 magistratus
1157 4036 1238 4089 esse
1258 4010 1426 4106 videtur,
1447 4024 1487 4088 ut
1506 4013 1544 4088 in

160 4141 288 4241 populi
308 4166 367 4217 res
386 4140 553 4242 publicas
581 4141 787 4244 inquireret
813 4136 1050 4239 designatus,
1079 4137 1234 4240 perinde
1263 4161 1307 4213 ac
1337 4138 1489 4227 ζητηταί
1509 4150 1547 4215 11

153 4259 339 4363 μάστροι,
369 4277 520 4345 auctore
538 4264 736 4347 Aristotele
754 4267 794 4342 in
813 4265 1006 4368 republica
1023 4261 1285 4341 Pelleniorum

265 4392 390 4469 Photii
409 4393 498 4470 Lex.
519 4392 647 4468 libet:
669 4383 922 4480 Ἐκλὴθησαν
951 4386 990 4463 δὲ
1013 4382 1201 4487 μαστῆρες
1229 4380 1308 4461 ἀπὸ
1327 4385 1405 4463 τῶν
1422 4415 1545 4480 κυνη-

157 4512 239 4618 γῶν
256 4514 334 4590 τῶν
352 4520 394 4591 ἐν
414 4525 493 4603 τοῖς
507 4524 670 4612 μαστοῖς
690 4511 768 4591 τῶν
787 4509 890 4615 ὂρῶν
919 4508 1139 4606 ζητούντων
1166 4508 1213 4586 τὰ
1235 4514 1363 4612 θηρία.
1401 4517 1544 4610 (voca.

157 4643 293 4721 bantur
312 4655 437 4721 autem
451 4639 639 4741 μαστῆρες
658 4669 681 4720 a
698 4641 1031 4744 1111111111,ρυὶ
1049 4642 1088 4719 in
1107 4641 1291 4720 montium
1309 4644 1424 4719 rumis
1443 4647 1545 4739 (μα-

157 4772 279 4864 στοῖς)
297 4771 395 4849 feras
418 4772 633 4870 quaerunt.)

745 4872 822 4957 Ad
843 4875 957 4957 20⁷.

265 5022 441 5101 Suidas
470 5052 498 5101 s.
519 5052 554 5100 v.
584 5018 759 5114 Bonirue:
788 5024 908 5101 Boum
935 5032 1082 5123 emptor
1112 5021 1296 5098 acivibus
1325 4999 1545 5118 eligebatur,

158 5162 199 5224 ut
218 5150 333 5226 boves
352 5149 399 5226 ad
418 5150 597 5228 sacrificia
616 5161 766 5229 cureret.
805 5152 895 5226 Erat
922 5162 1044 5227 autem
1074 5172 1207 5224 munus
1231 5144 1330 5224 istud
1351 5143 1458 5223 valde
1477 5145 1543 5223 bo·
