3404 5782
19 423 24 430 .
119 342 240 419 “608
391 441 401 465 ἱ
617 363 927 419 comuranrus
945 367 1000 417 sn
1023 362 1101 420 rssr.

267 557 448 635 Jasenses
476 558 652 660 orphanis
681 555 949 658 patrimonium
967 556 1006 631 in
1025 557 1206 635 manibus
1229 555 1459 634 tradebant
1485 556 1567 632 sind
1602 658 1604 662 .

158 695 268 786 atque
299 685 522 783 vigesimum
553 684 685 760 aetatis
713 708 854 759 anuum
882 683 1104 781 attigissent.
1144 681 1508 779 (Heraclides
1530 682 1567 758 de
1602 690 1604 709 ¹

159 808 253 886 reb.
284 808 415 909 publ.
448 809 531 901 40.)
740 909 816 990 Μ
835 910 966 991 ¹³8⁷
1601 795 1604 873 l

265 1076 613 1176 schellingius
642 1077 708 1171 (de
737 1076 886 1154 Solonis
915 1074 1063 1176 legibus
1091 1107 1127 1178 p.
1162 1078 1276 1171 114)
1315 1077 1425 1155 haec
1456 1079 1564 1155 verbs:

158 1195 229 1274 ἐὰν
251 1201 327 1296 μὲν
354 1194 519 1292 ἀδελφοὶ
550 1193 644 1275 ὦσιν
672 1190 909 1297 ὁμοπάτορες
944 1202 1014 1274 καὶ
1041 1195 1112 1274 ἐὰν
1140 1198 1289 1288 παῖδες
1323 1207 1370 1291 ἐξ
1405 1197 1565 1295 ἀδελφόν

157 1321 330 1428 γνήσιοι,
359 1320 432 1415 τήν
450 1323 521 1400 τοῦ
542 1319 683 1420 πατρὸς
696 1332 842 1423 μοῖραν
860 1320 1094 1427 λαγχάνειν,
1124 1329 1178 1405 ita
1202 1331 1418 1431 explicat:
1441 1334 1496 1428 „si
1514 1332 1564 1407 ha

158 1467 230 1528 tres
250 1461 451 1553 supersunt
469 1463 507 1528 et
526 1453 591 1528 filii
610 1453 769 1529 fratrum
787 1451 961 1551 legitimi,
991 1453 1209 1554 accipiunto
1242 1467 1419 1557 partem
1448 1456 1565 1533 heredi·

157 1581 256 1677 tatis,
275 1607 371 1682 quae
391 1580 439 1656 ad
458 1591 601 1681 patrem
619 1589 844 1682 perventura
862 1580 991 1656 luisset
1010 1581 1107 1673 (scil.
1118 1584 1150 1658 si
1159 1596 1385 1685 superstes
1396 1585 1563 1676 fuisset}l

266 1704 483 1784 Gansius
514 1708 618 1801 (Das
647 1706 832 1785 Erbrecht
857 1707 898 1782 in
928 1705 1358 1806 weltgeschichtlieher
1392 1709 1564 1787 Entwiclr-

158 1831 270 1931 lung)
289 1832 385 1907 miro
404 1831 516 1909 modo
536 1833 680 1908 initium
708 1831 803 1931 legis
830 1832 883 1908 ita
901 1833 1100 1933 pervertit:
1130 1823 1236 1920 ὅςτις
1258 1827 1325 1907 ἂν
1347 1831 1564 1933 διαθέμενος

158 1948 366 2050 ἀποθάνῃ,
396 1982 440 2034 ac
459 1958 490 2034 si
510 1957 556 2034 de
576 1968 799 2034 testamento
819 1968 1002 2058 ageretur.

265 2083 435 2160 lsaeus
459 2082 514 2161 de
533 2084 761 2185 Hagniae
786 2081 948 2159 hered.
970 2077 1002 2183 ξ.
1025 2083 1148 2160 1-2:
1179 2087 1272 2166 Lex
1293 2089 1395 2187 illa,
1419 2089 1562 2191 quaede

157 2207 267 2285 bonis
296 2234 319 2284 a
348 2209 463 2285 fratre
490 2210 629 2286 relictis
658 2209 869 2304 constituit,
900 2209 1061 2310 primum
1081 2210 1272 2290 fratribus
1294 2219 1503 2315 germanis
1519 2242 1562 2290 eo

157 2358 314 2433 rumque
343 2332 470 2409 liberis
489 2333 677 2435 adjudicat
694 2333 815 2409 bona:
843 2331 904 2409 hic
923 2334 1022 2410 enim
1040 2337 1239 2436 proximus
1261 2353 1331 2418 est
1352 2344 1562 2444 consangu-

158 2458 284 2534 nitatis
303 2484 326 2533 a
345 2456 524 2534 defuncto
544 2459 693 2558 gradus.
724 2457 788 2534 Sin
808 2471 931 2535 autem
949 2458 989 2534 hi
1007 2486 1084 2536 non
1102 2461 1200 2559 sint,
1222 2465 1296 2544 lex
1319 2495 1482 2549 sorores
1499 2496 1561 2572 ger·

158 2610 287 2660 manas
306 2609 507 2684 earumque
526 2584 666 2660 liberos
687 2583 735 2659 ad
753 2582 996 2660 hereditatem
1015 2583 1230 2663 adeundam
1251 2598 1446 2673 arcessit.
1482 2596 1561 2671 Del·

159 2708 339 2785 cientibus
358 2706 415 2783 his
434 2734 602 2808 quoque.
631 2720 710 2785 tum
738 2707 887 2784 demum
914 2709 976 2785 lex
1004 2711 1113 2787 tertio
1131 2714 1278 2810 gradui
1301 2721 1560 2820 consangumi-

157 2834 245 2910 tatis
273 2832 402 2910 tribuit
429 2833 723 2935 proximitatem,
752 2832 988 2910 consobrinis
1015 2859 1151 2935 nempe
1180 2864 1203 2914 e
1238 2855 1364 2941 parte
1398 2849 1517 2949 patris
1538 2859 1561 2921 et

158 2955 292 3035 horum
309 2959 447 3035 liberis.
487 2957 552 3034 Sin
582 2972 706 3035 autem
735 2958 795 3035 hic
821 2984 970 3058 quoque
999 2958 1138 3056 gradus
1157 2961 1384 3068 defecerit,
1417 2975 1514 3051 redit
1526 2971 1560 3046 le·

157 3084 313 3183 gislator
330 3082 378 3158 ad
401 3084 626 3183 principium
642 3085 811 3182 generis,
836 3096 873 3162 et
892 3085 1052 3162 arbitros
1071 3087 1265 3170 bonorum
1288 3094 1477 3176 defuncti
1493 3125 1560 3176 con·

159 3208 329 3284 sobrinos
348 3234 371 3284 a
389 3218 494 3310 parte
522 3219 710 3303 materna,
739 3209 872 3286 eodem
901 3207 1029 3287 ordine
1057 3223 1169 3313 atque
1199 3215 1244 3293 in
1275 3224 1561 3326 consanguineis

160 3333 336 3434 paternis.

268 3458 402 3538 Idem
430 3457 484 3536 de
504 3457 909 3560 Apollodhered.
931 3456 965 3562 ξ.
985 3461 1048 3537 20.
1075 3463 1253 3546 Filiabus
1274 3485 1321 3548 et
1343 3479 1562 3557 sororibusr

155 3586 239 3686 jure
268 3583 367 3661 civili
395 3596 521 3686 partes
549 3584 725 3684 aequales
752 3585 938 3663 bonorum
966 3590 1178 3689 apatribus
1208 3595 1453 3681 relictorum
1481 3605 1560 3681 attri-

159 3708 343 3802 buuntur3
372 3709 682 3786 consobrinorum
706 3721 831 3787 autem
850 3710 896 3787 de
915 3711 1043 3808 bonis,
1073 3717 1368 3824 etquicunque
1391 3733 1459 3809 alii
1478 3746 1560 3808 em

159 3835 394 3933 cognationis
411 3834 569 3933 gradum
589 3833 702 3911 modo
722 3835 862 3910 dictum
880 3849 986 3932 sunt,
1008 3866 1085 3915 non
1103 3846 1290 3942 aequales
1313 3859 1560 3935 attribuuntur

159 3970 283 4060 partes
301 3959 573 4037 haereditatum
591 3961 754 4055 feminis,
774 3960 840 4036 sed
859 3961 898 4037 in
917 3963 1126 4064 hujusmodi
1145 3973 1278 4050 causis
1301 3982 1484 4060 conditio
1501 4010 1559 4059 ms·

159 4084 254 4159 rium
272 4111 295 4161 a
313 4087 396 4186 lege
416 4087 665 4189 praehabetur
688 4086 895 4164 conditioni
914 4090 1147 4168 feminarum.
1187 4094 1337 4180 Verba
1357 4107 1463 4209 legis
1481 4113 1559 4188 enim

159 4206 252 4284 haec
270 4225 375 4288 sunt:
394 4213 559 4314 potiores
578 4223 751 4313 oportere
769 4237 892 4289 mares
913 4239 993 4291 esse
1013 4242 1033 4292 e
1049 4220 1302 4324 maribusque
1324 4246 1458 4332 natos,
1478 4239 1558 4314 dun·

158 4333 267 4410 modo
296 4335 335 4410 hi
363 4363 485 4413 mares
514 4364 561 4414 ex
588 4337 721 4414 iisdem
750 4341 923 4440 prognati
948 4340 1041 4437 sint,
1072 4343 1180 4420 etiam
1201 4350 1238 4424 si
1258 4357 1400 4451 gradu
1421 4387 1557 4440 conssu-

157 4460 350 4557 guinitatis
377 4461 523 4563 longius
555 4463 695 4540 distent
723 4491 833 4564 quam
853 4465 1023 4543 feminae.
1064 4471 1259 4565 (Κρατεῖν
1289 4479 1399 4570 τούς
1420 4478 1557 4587 ἄρρενας

158 4586 227 4657 καὶ
247 4579 338 4669 τούς
357 4589 396 4674 ἐξ
415 4580 606 4691 ἀρρένωγ,
635 4588 679 4662 οἵ
694 4581 744 4663 dr
764 4595 810 4664 ἐκ
828 4587 908 4663 τῶν
926 4585 1059 4666 αὐτῶν
1078 4584 1146 4669 ὦσι
1157 4649 1168 4682 ,
1199 4601 1333 4701 [quod
1368 4624 1495 4692 tamen
1510 4611 1555 4689 alii

156 4711 209 4786 ita
227 4710 377 4809 legunt:
406 4707 476 4786 tolo
503 4718 549 4788 ἐκ
577 4709 729 4789 τούτων
756 4706 840 4810 ὦσι]
867 4709 948 4789 κᾶν
975 4723 1074 4821 γένει
1104 4713 1295 4823 ἀπωτέρω
1318 4737 1554 4839 τυγχάνωσιν

157 4823 298 4930 ὄντες.)

267 4964 417 5058 „Quum
442 4965 503 5041 lex
522 4966 624 5067 ipsa,
645 4995 739 5069 quae
760 4969 861 5068 apud
881 4971 1176 5049 Demosthenem
1196 4991 1281 5077 est,
1305 4985 1360 5064 de
1380 4993 1549 5069 sororibus

157 5114 234 5166 non
254 5092 408 5167 seorsim
428 5116 616 5191 exponere
636 5094 816 5190 videatur,
837 5096 1119 5175 Bunsenius
1139 5100 1272 5183 locum
1293 5109 1355 5191 ita
1371 5119 1546 5195 restituen-
