3436 5790
739 435 995 494 annonarum.
1474 414 1552 495 325

166 618 426 726 ὑποδέχονται
459 628 723 716 rodemundus
751 633 822 705 καί
851 624 1042 728 κειμένοις
1075 623 1219 706 αότόθι
1247 626 1325 704 ’τῶν
1355 620 1554 719 Ἑλλήνων

167 758 359 858 ἐναγίζειν
376 762 473 830 καθ’
493 762 662 831 ἐκαστον
680 753 872 843 ἐνιαυτόν,
901 754 1046 831 τοῦτον
1062 751 1135 831 τόν
1156 751 1320 853 τρόπον·
1349 753 1423 829 τοῦ
1440 761 1553 831 Μαι·

163 879 430 978 μακτηριῶνος
452 877 592 979 μηνός,
633 875 675 967 ὅς
702 886 778 955 ἐστι
810 876 910 978 παρά
942 883 1127 967 Βοιωτοῖς
1150 876 1473 979 Ἀλαλκομένιος,
1505 877 1553 976 τῇ
1665 934 1670 945 ,

166 1011 259 1102 ἕκτῃ
286 1009 346 1080 ἐπί
376 1003 468 1081 δέκα
499 1011 686 1103 πέμπουσι
714 1002 893 1104 πομπήν,
927 995 969 1095 ἧς
997 1016 1215 1109 προηγεῖται
1239 1009 1314 1104 μὲν
1342 1001 1406 1103 ἀμ’
1434 997 1552 1104 ἡμέρη

167 1129 423 1234 σαλπιγκτής,
462 1130 755 1236 ἐγκελευόμενος
791 1128 836 1207 τό
875 1128 1112 1229 πολεμικόν,
1147 1138 1306 1208 ἕπονται
1345 1128 1378 1206 δ’
1408 1127 1552 1230 ἅμαξαι

162 1261 346 1356 μυρρίνης
360 1264 495 1355 μεσταί
515 1262 583 1333 καί
604 1255 927 1355 στεφανωμάτων,
957 1261 1026 1331 καί
1041 1263 1158 1355 μέλας
1176 1257 1337 1357 ταῦρος·
1367 1261 1436 1331 καί
1450 1254 1553 1356 χοάς

168 1381 281 1457 οἴνου
300 1389 369 1457 καὶ
389 1381 580 1486 γάλακτος
598 1391 641 1460 ἐν
661 1380 923 1483 ἀμφορεῦσιν,
953 1387 1085 1460 ἐλαίου
1111 1415 1150 1458 τε
1178 1389 1247 1458 καί
1271 1382 1402 1484 μῦρον
1425 1409 1553 1480 κρωσ-

167 1505 257 1594 σούς
276 1511 476 1584 νεανίσκοι
497 1513 724 1607 κομίζοντες
743 1507 951 1605 ἐλεύθεροι.
981 1508 1119 1611 Δοῦλοι
1140 1506 1213 1614 γάρ
1245 1505 1405 1594 οὐδενός
1434 1510 1552 1600 ἔξεστι

169 1632 246 1708 τῶν
265 1639 347 1730 περί
366 1629 439 1723 την
458 1630 667 1710 διακονίαν
685 1640 840 1726 ἐκείνην
859 1633 1150 1735 προσάψασθαι,
1172 1632 1234 1710 διά
1253 1631 1298 1711 τό
1308 1632 1400 1722 τοῦς
1410 1626 1554 1735 ἀνδρας

169 1754 388 1834 ἀποθανεῖν
405 1749 501 1864 ῦπέρ
520 1764 750 1858 ἐλευθερίας.
765 1756 854 1835 Ἐπί
874 1760 964 1834 πάσι
984 1760 1021 1835 δέ
1038 1762 1117 1836 τῶν
1133 1765 1362 1837 Πλαταιέων
1374 1752 1395 1838 ό
1407 1753 1551 1860 άρχων,

168 1872 293 1983 ᾦτόν
319 1877 443 1960 ἀλλον
463 1884 616 1983 χρόνον
644 1878 734 1961 οότε
764 1883 918 1986 σιδήρου
949 1893 1079 1989 θιγεῖν
1107 1889 1271 1978 ἔξεστιν,
1302 1881 1395 1965 αὕθ’
1425 1893 1553 1986 ἑτέραν

168 2009 336 2099 ἐσθῆτα,
366 2007 464 2100 πλὴν
482 2009 643 2101 λευκῆς,
672 2007 889 2111 ἀναλαβεῖν
899 2070 910 2102 ,
938 2009 1024 2088 τότε
1036 2012 1188 2107 χιτῶνα
1209 2014 1423 2107 φοινικοῦν
1444 2011 1554 2090 ἐνδε-

168 2131 313 2223 δυκώς,
344 2131 531 2233 ἀράμενός
548 2166 588 2210 τε
607 2126 749 2234 ῦδρίαν
769 2133 846 2212 ἀπό
866 2137 936 2212 τοῦ
966 2141 1371 2240 γραμματοφυλακίου
1398 2137 1554 2237 ξιφήρης

167 2265 226 2335 ἐπὶ
245 2257 337 2349 τοῦς
355 2258 502 2356 τάφους
521 2260 680 2366 προάγει
701 2259 763 2336 διά
779 2267 892 2360 μέσης
912 2262 975 2354 τῆς
995 2261 1146 2350 πόλεως.
1176 2261 1271 2338 Εἶτα
1299 2261 1433 2365 λαβιόν
1450 2260 1554 2366 ῦδωρ

168 2382 242 2460 ἀπό
261 2385 327 2482 τῆς
346 2389 505 2486 κρήνης,
535 2383 651 2474 αὐτὸς
672 2385 858 2464 ἀπολούει
878 2385 945 2476 τάς
964 2385 1099 2479 στήλας
1116 2394 1186 2463 καί
1201 2388 1315 2490 μόρῳ
1329 2393 1444 2487 χρίει.
1476 2395 1554 2466 Καὶ

166 2507 237 2587 τόν
263 2511 412 2612 ταῦρον
439 2509 590 2603 εἰς’τὴν
619 2510 745 2612 πυράν
775 2512 942 2609 σφάξας,
982 2518 1051 2587 καὶ
1078 2513 1364 2613 κατευξάμενος
1393 2519 1461 2590 Διί·
1484 2521 1554 2596 καί,

162 2630 283 2739 Ἐρμῇ
306 2642 490 2738 χθονίῳ,
530 2641 746 2738 παρακαλεῖ
770 2633 862 2725 τοῦς
892 2633 1071 2741 ἀγαθοῦς
1100 2631 1244 2737 ἀνδρας
1263 2636 1355 2729 τοῦς
1375 2631 1469 2741 ῦπὲρ
1486 2639 1556 2733 τῆς

162 2757 347 2853 Ἑλλάδος
385 2761 658 2851 ἀποθανόντας
696 2768 756 2840 ἐπὶ
793 2760 838 2838 τό
878 2762 1036 2840 δεῖπνον
1074 2769 1145 2839 καί
1178 2761 1250 2857 την
1278 2768 1555 2867 αῖμακουρίαν.Ι

159 2883 318 2979 Ἔπειτα
346 2879 515 2992 κρατῆρα
544 2885 708 2991 κεράσας
737 2889 853 2965 οἴνου
871 2893 941 2964 καὶ
954 2886 1168 2990 χεάμενος,
1197 2896 1376 2996 ἐπιλέγει·
1416 2898 1554 2992 ,Προ-

170 3021 266 3091 πίνω
294 3027 372 3104 τοῖς
401 3012 561 3117 ἀνδράσι
591 3027 670 3103 τοῖς
697 3007 793 3118 ῦπέρ
821 3014 886 3108 τῆς
906 3020 1125 3114 ἐλευθερίας
1143 3010 1433 3109 τῶνἙλλήνων
1452 3015 1553 3094 ἀπο-

167 3142 376 3221 'devoted
960 3145 1168 3238 (Plutaroh.
1189 3147 1339 3226 Aristid.
1360 3148 1446 3246 21.)

809 3273 922 3347 1275.

275 3413 512 3494 Conveniant
539 3416 736 3519 quotannis
765 3416 999 3499 Graecorum
1023 3419 1157 3497 delecti
1175 3420 1224 3496 ad
1242 3420 1449 3525 speetalum
1467 3418 1555 3499 Pla·

170 3555 291 3639 taeas,
319 3542 500 3619 habeatur
530 3544 583 3618 ibi
610 3542 887 3642 quinquennale
913 3555 1102 3621 certamen
1121 3544 1439 3641 Eleutheriorum,
1470 3544 1553 3622 Pla-

170 3680 413 3769 taeensesque
433 3669 661 3744 sacrosancti
688 3667 915 3764 habeantur,
944 3668 1043 3768 quod
1062 3669 1088 3744 ii
1107 3695 1176 3770 pro
1196 3667 1355 3747 Graecia
1373 3670 1553 3747 sacrifiea-

171 3805 263 3870 rent.
300 3793 540 3869 Plataeenses
564 3803 688 3869 autem
717 3792 922 3893 recipiunt,
952 3818 992 3869 se
1012 3790 1186 3889 Graecis,
1216 3794 1279 3894 qui
1298 3793 1350 3870 ibi
1369 3798 1551 3874 occubue-

171 3920 244 3994 rint
262 3928 300 3995 et
317 3919 453 4021 sepulti
473 3917 629 4014 frierint,
659 3918 814 4018 singulis
839 3918 947 3995 annia
965 3916 1221 4002 immolaturos
1238 3918 1310 3996 hoc
1329 3920 1460 3998 modo:
1489 3921 1553 3998 de-

171 4045 266 4120 eima
288 4054 394 4120 sexta
421 4042 742 4121 Maemaoterionis
770 4045 926 4140 mensis,
954 4044 1017 4145 qui
1046 4041 1322 4121 Alalcomenius
1350 4056 1407 4122 est
1435 4046 1554 4125 Bo'eo-

171 4171 245 4264 tis,
284 4195 426 4245 summo
463 4195 571 4247 mane
608 4196 786 4273 pompam
817 4168 977 4265 ducunt,
1015 4171 1074 4246 eui
1101 4171 1223 4271 praeit
1249 4170 1401 4247 tubicen
1429 4174 1554 4249 clasti-

171 4320 253 4369 cum
279 4319 438 4389 canens,
468 4297 707 4394 sequentibus
735 4297 846 4398 myrti
878 4307 916 4404 et
934 4321 1153 4373 coronarum
1173 4295 1294 4396 plenis
1314 4296 1492 4397 plaustris
1511 4324 1556 4375 ac

172 4422 278 4519 nigro
299 4431 405 4497 tauro
426 4433 463 4495 et
491 4420 617 4495 liberis
646 4419 966 4517 adolescentibus,
996 4422 1060 4529 qui
1078 4421 1157 4497 vini
1176 4431 1213 4495 et
1231 4421 1336 4523 laetis
1356 4421 1555 4511 libationes

170 4548 210 4623 in
228 4546 437 4647 amphoris,
467 4545 612 4645 oleique
633 4557 670 4621 et
688 4549 870 4644 unguenti
889 4573 1002 4623 urnas
1019 4556 1189 4647 gestant,
1220 4571 1340 4646 neque
1360 4548 1461 4626 enim
1479 4552 1557 4651 eui·=

172 4698 280 4773 quam
300 4697 409 4747 servo
429 4672 485 4748 fas
504 4684 560 4747 est
579 4671 782 4777 quidquam
799 4671 838 4748 in
857 4698 903 4748 eo
921 4671 1125 4749 ministerio
1146 4671 1351 4773 attingere,
1383 4674 1483 4773 quod
1501 4674 1556 4751 illi

172 4822 239 4900 pro
267 4797 438 4873 libertate
469 4794 723 4897 oppetiissent
758 4794 952 4875 Postremo
980 4796 1260 4874 Plataeensium
1288 4808 1458 4899 praetor,
1496 4798 1555 4875 eui

172 4936 294 5000 cetero
323 4934 491 5024 tempore
520 4948 642 5022 neque
672 4924 810 5000 ferrum
831 4935 1005 5024 tangere,
1036 4949 1157 5023 neque
1177 4923 1247 5000 nisi
1268 4924 1393 5000 albam
1411 4934 1556 5001 vestem

172 5049 324 5134 induere
340 5049 428 5131 lieet
439 5101 461 5145 ,ι
476 5050 636 5151 punicea
654 5048 970 5146 amiotustuniaa,
1002 5061 1224 5151 sumptaque
1253 5047 1299 5124 de
1319 5050 1469 5127 archivo
1487 5050 1554 5150 hy-

174 5175 272 5274 dria,
292 5200 361 5278 per
378 5175 539 5254 mediam
557 5177 688 5256 urbem
706 5190 841 5257 tenens
858 5176 1025 5278 gladium
1044 5176 1091 5256 ad
1111 5175 1282 5281 sepulcra
1298 5175 1553 5278 proficiscitur.
