3436 5790
223 379 302 454 220
758 401 832 452 sus
851 400 1062 454 rusticus.

221 596 264 665 ἐν
291 586 349 675 αἶς
378 585 649 694 ἀναγράφουσι
679 585 726 663 soi
756 583 937 686 χρήματα
962 583 1010 662 τοὶ
1041 584 1143 688 ἱεροὶ,
1182 594 1330 665 θέντων
1358 595 1402 666 ἐν
1432 585 1539 664 πόλει
1569 587 1608 663 οἱ

221 718 366 814 ταμίαι.

323 835 506 915 Ἐπειδὰν
535 838 572 915 δὲ
603 836 866 940 ἀποδεδομένα
893 832 916 936 ᾖ
946 849 1027 928 τοῖς
1058 845 1163 927 θεοῖς
1191 835 1236 914 soi
1259 837 1467 939 χρήματα,
1495 845 1533 929 ἐς
1561 832 1609 914 τὸ

221 963 381 1065 νεώριον
397 970 465 1040 καὶ
485 961 532 1038 τοὶ
551 969 659 1063 τείχη
677 976 756 1053 τοῖς
776 961 946 1066 περιοῦσι
961 964 1136 1065 χρῆσθαι
1150 962 1353 1064 χρήμασιν.

419 1113 612 1213 (Inscript.
635 1113 734 1215 apud
751 1113 850 1189 Ran
861 1111 955 1211 gab
967 1117 1009 1190 e:
1030 1110 1153 1214 Antiq.
1173 1111 1271 1189 Hell.
1291 1109 1367 1187 Nro
1391 1111 1498 1206 118.)

868 1311 958 1386 870.

327 1471 555 1546 Restituatur
582 1469 652 1547 diis
680 1471 738 1563 (id
758 1479 814 1547 est
832 1473 982 1548 aerariis
1009 1472 1253 1573 templorum)
1283 1469 1408 1547 debita
1431 1467 1607 1570 pecunia,

220 1607 413 1697 postquam
432 1595 623 1672 Minervae
641 1597 706 1672 illa
724 1597 795 1672 tria
812 1596 928 1673 millia
956 1598 1201 1690 talentorum,
1229 1621 1325 1698 quse
1352 1595 1425 1697 ipsi
1454 1593 1609 1670 decreta

220 1718 385 1812 lucrant,
414 1720 454 1794 in
473 1745 597 1795 arcem
616 1720 738 1797 delata
756 1722 832 1797 sint
850 1723 1027 1798 nostratis
1046 1722 1198 1797 nummi.

324 1844 581 1921 Restituautur
613 1857 738 1922 autem
774 1847 1006 1948 specuniis,
1043 1871 1136 1947 quas
1173 1847 1243 1924 diis
1280 1845 1480 1924 solvendas
1520 1868 1606 1920 esse

221 1969 384 2069 populus
404 1969 588 2065 decrevit,
618 1981 697 2046 tum
724 1972 810 2048 illae
839 1998 933 2072 quae
962 1997 1063 2047 nunc
1082 1972 1183 2074 apud
1203 1972 1499 2049 Hellenotsmiss
1517 1977 1611 2045 sunt

220 2119 296 2168 una
314 2118 399 2169 cum
417 2094 498 2170 aliis
517 2094 565 2171 ad
584 2094 651 2172 has
669 2096 846 2196 pecunias
865 2095 1157 2197 pertinentibus,
1186 2122 1302 2197 quum
1330 2121 1351 2171 e
1376 2095 1607 2173 decimarum

221 2216 393 2315 vectigali
413 2219 698 2320 provenientes,
728 2231 926 2321 postquam
944 2220 1138 2297 venditum
1159 2221 1282 2297 fuerit.

327 2361 555 2464 Computent
574 2386 662 2436 vero
680 2363 848 2463 triginta,
878 2364 940 2463 qui
960 2389 1060 2438 nuno
1079 2373 1185 2457 suut,
1214 2362 1391 2462 legistae,
1423 2359 1488 2436 illa
1506 2384 1605 2461 quae

221 2485 290 2560 diis
310 2486 511 2584 debentur;
540 2487 659 2564 donec
678 2498 801 2563 autem
820 2488 978 2587 legistae
997 2487 1260 2583 convenerint,
1282 2496 1433 2564 senatuis
1451 2484 1608 2588 plenam

219 2608 356 2687 habeat
374 2623 608 2715 potestatem.

239 2802 241 2806 Α
325 2737 538 2813 Restituunt
555 2764 645 2813 vero
664 2738 862 2839 pecuniam
879 2747 1060 2838 prytanes
1079 2749 1326 2834 cumscnstu,
1346 2751 1384 2815 et
1402 2749 1609 2840 postquam

220 2861 466 2955 restituerint,
487 2863 655 2957 deleant,
683 2862 899 2964 conquisitis
917 2861 1101 2940 indicibus
1120 2840 1348 2966 syngraphis
1367 2875 1405 2939 et
1422 2863 1527 2939 libris
1545 2889 1605 2939 ra·

219 2985 381 3080 tionum,
411 2997 449 3062 et
476 2987 698 3088 ubicumque
727 2986 842 3064 fuerit
867 2987 1048 3089 inscripta
1076 2988 1225 3080 (debita
1251 2988 1442 3091 pecunia).
1484 2987 1604 3064 Exhi-

219 3108 335 3188 beant
353 3124 478 3187 autem
497 3112 638 3213 scripta
654 3112 867 3191 sacerdotes
887 3123 924 3188 et
941 3113 1099 3190 sacrifici
1121 3126 1160 3190 et
1177 3114 1208 3190 si
1230 3115 1312 3214 quis
1331 3115 1425 3193 alter
1442 3114 1612 3190 noveritr

325 3254 511 3331 Fabarum
531 3257 721 3332 sortitione
740 3282 830 3332 vero
850 3269 1021 3332 creentur
1043 3268 1260 3358 quaestores
1279 3256 1389 3358 hujus
1407 3255 1604 3358 pecuniae,

201 3411 205 3418 ·
220 3378 306 3453 dum
325 3379 386 3454 alii
406 3382 643 3481 magistratus
662 3392 850 3476 creantur,
871 3381 1003 3458 eodem
1021 3382 1133 3459 modo
1152 3408 1226 3482 quo
1243 3393 1459 3482 quaestores
1477 3407 1605 3458 rerum

219 3528 409 3588 sacrarum
427 3506 629 3584 Minervae.
661 3507 709 3584 Hi
730 3520 856 3584 autem
874 3507 1133 3583 administrent
1151 3508 1190 3582 in
1210 3531 1294 3584 erce
1313 3509 1353 3583 in
1370 3505 1603 3609 Opisthodo-

220 3655 280 3703 mo
300 3628 451 3707 deorum
480 3635 657 3734 pecunias
686 3660 798 3734 quam
824 3634 982 3709 maxime
1010 3633 1151 3734 optima
1180 3633 1273 3726 fide,
1301 3633 1486 3732 simulque
1515 3658 1603 3708 cum

220 3752 410 3833 Minervae
429 3757 686 3859 quaestoribus
705 3757 895 3859 aperiant,
922 3757 1100 3834 claudant
1117 3768 1154 3834 et
1171 3757 1305 3856 sigillis
1324 3756 1528 3855 obsignent
1547 3757 1602 3834 fo·

219 3903 278 3954 res
298 3879 571 3980 Opisthodomi.

327 4005 386 4082 Ab
404 4009 468 4105 iis,
497 4011 560 4109 qui
579 4036 678 4085 nunc
698 4022 806 4105 sunt,
834 4010 1092 4110 quaestoribus
1112 4020 1149 4085 et
1167 4009 1370 4110 praefectis
1389 4018 1426 4099 et
1443 4006 1602 4110 templo-

220 4155 300 4204 rum
320 4133 515 4230 sacn'ficis,
544 4137 607 4237 qui
632 4163 733 4213 nuuc
755 4136 1034 4231 administrant,
1063 4134 1250 4211 numerari
1278 4144 1317 4210 et
1346 4134 1511 4236 appendi
1529 4133 1603 4211 sibi

214 4253 374 4354 jubente
392 4260 569 4360 pecunias
587 4288 714 4339 coram
732 4251 867 4338 senatu
882 4261 922 4335 in
941 4286 1025 4336 arce
1044 4271 1262 4360 quaestores
1280 4272 1379 4336 sorte
1398 4260 1535 4356 creati,
1564 4269 1604 4335 ct

221 4381 400 4482 recipiant
417 4385 500 4463 illes
518 4414 541 4464 a
558 4388 857 4488 magistratibus,
880 4388 942 4486 qui
962 4413 1061 4462 nuno
1079 4397 1187 4480 sunt;
1215 4397 1253 4461 et
1271 4386 1475 4463 inscribant
1492 4385 1603 4462 tabu·

219 4503 374 4583 laetum
396 4536 562 4588 seorsum
581 4539 708 4590 omnes
727 4512 1014 4613 uniuscujusque
1035 4510 1093 4587 dei
1113 4513 1303 4613 pecunias,
1312 4537 1427 4613 quum
1437 4512 1603 4590 omnium

219 4656 419 4731 summam,
445 4640 644 4739 separatim
662 4649 861 4739 argentum
879 4647 916 4714 et
934 4637 1074 4715 surum

327 4762 376 4836 Et
393 4762 430 4838 iu
452 4776 642 4866 posterum
661 4765 883 4867 quicumque
903 4762 1042 4840 fuerint
1057 4773 1297 4863 quaestores,
1324 4763 1530 4840 inscribant
1546 4775 1605 4843 ts·

220 4883 348 4983 bulas,
368 4890 621 4991 rationemque
640 4890 801 4967 reddant
817 4889 1077 4991 pecuniarum,
1095 4913 1191 4987 quae
1210 4901 1429 4990 supersunt,
1448 4901 1487 4965 et
1504 4915 1603 4990 quae

220 5013 288 5088 diis
306 5016 531 5092 accesserint
549 5030 586 5093 ct
604 5019 634 5094 si
652 5017 740 5117 quid
759 5018 859 5092 intra
876 5042 1016 5091 anuum
1035 5026 1232 5112 erogatum
1250 5016 1382 5110 luerit,
1407 5014 1508 5117 apud
1528 5017 1602 5092 Lo-

219 5138 355 5239 gistss,
374 5141 534 5244 laetique
553 5141 610 5218 sui
629 5142 813 5220 rationem
829 5140 1013 5244 probent,
1041 5151 1079 5217 et
1095 5166 1152 5218 es
1170 5140 1445 5218 Panathenaicis
1462 5141 1511 5218 sd
1528 5141 1610 5219 Pa«
