3436 5790
737 422 787 477 DE
808 418 992 478 nonnum.

812 618 859 690 14
873 618 923 693 12.

271 753 472 833 Parentum
492 768 726 835 mortuorum
744 761 917 861 sepulcra
936 773 1126 838 ornentur.

806 920 919 996 1443.

258 1049 386 1131 ’Ἔστω
407 1056 444 1132 δὲ
467 1054 604 1157 νόμος·
632 1057 688 1158 τῷ
704 1062 779 1156 μὲν
799 1055 842 1150 δή
862 1059 934 1134 τοῦ
950 1061 1138 1163 μεγίστου
1161 1062 1370 1159 τιμήματος
1399 1065 1452 1148 εἰς
1480 1058 1551 1149 τὴν

165 1181 290 1257 πᾶσαν
308 1182 438 1279 ταφὴν
458 1181 746 1285 ἀναλισκόμενα
762 1184 816 1283 μή
839 1191 956 1261 πλέον
975 1193 1084 1263 πέντε
1098 1187 1223 1286 μνῶν,
1243 1187 1297 1287 τῴ
1318 1186 1356 1263 δὲ
1376 1187 1448 1261 τοῦ
1461 1185 1550 1261 δευ-

165 1313 273 1406 τέρου
292 1320 389 1407 τρεῖς
402 1322 513 1411 μναῖ,
533 1318 603 1387 ιιαί
624 1310 696 1388 δύο
716 1311 771 1411 τῷ
790 1311 864 1387 τοῦ
882 1315 1026 1417 τρίτου,
1043 1313 1127 1410 μνά
1146 1311 1185 1389 δὲ
1204 1312 1258 1412 τῷ
1278 1300 1356 1389 τοῦ
1372 1310 1553 1412 τετάρτου

163 1436 303 1532 μέτρον
323 1429 374 1510 tir
394 1438 477 1533 ἔχοι
496 1436 575 1513 τῶν
599 1433 874 1537 ἀναλωμάτων.
939 1440 1069 1536 (Plato
1089 1442 1210 1542 Leges
1230 1443 1316 1536 XII,
1337 1443 1446 1533 959.)

809 1600 923 1677 1443.

271 1745 362 1820 Esto
381 1755 505 1821 antem
523 1746 605 1822 lex:
634 1747 697 1846 qui
729 1747 890 1822 maximo
920 1772 1035 1823 censu
1063 1759 1139 1841 est,
1168 1747 1206 1822 in
1236 1756 1356 1824 totum
1375 1747 1487 1822 funus
1507 1771 1554 1823 ne

165 1870 322 1971 amplius
342 1870 503 1970 quinque
524 1871 654 1964 minis,
675 1871 737 1971 qui
756 1870 940 1966 secunde,
961 1884 1037 1948 tres
1057 1872 1196 1969 minas,
1218 1871 1281 1971 qni
1301 1872 1427 1967 tertio,
1448 1869 1553 1964 duas,
1606 1912 1609 1923 ·

165 1992 224 2092 qui
245 2007 395 2095 quarto,
424 2023 537 2073 unam
566 1995 810 2098 impendens,
841 1995 1050 2075 moderatas
1070 1997 1182 2074 faciet
1201 2021 1397 2099 expensas.

801 2176 915 2253 1444.

261 2311 333 2402 Ὃς
353 2311 404 2392 ἂν
423 2312 560 2414 άτάφῳ
580 2311 763 2415 περιτύχῃ
783 2313 926 2412 σώματι
946 2311 1162 2414 ἀνθρώπου
1173 2373 1183 2406 ,
1213 2315 1362 2404 πάντως
1392 2313 1554 2416 ἐπιβάλ-

164 2445 244 2516 λειν
262 2437 369 2541 αὐτῷ
388 2441 480 2546 γῆν·
512 2439 676 2517 θάπτειν
696 2438 733 2517 δὲ
754 2436 846 2538 πρὸς
867 2436 1013 2540 δυσμάς
1030 2443 1253 2540 βλέποντας.

904 2569 1069 2665 (ΑεΙίαη.
1091 2598 1167 2647 var.
1190 2570 1271 2646 hist.
1293 2570 1340 2665 V,
1361 2572 1445 2663 14.)
1566 2669 1570 2677 Ι

804 2715 917 2791 1444.

269 2858 310 2935 Si
337 2858 418 2959 quis
445 2858 485 2933 in
513 2858 740 2961 insepultum
769 2860 933 2940 cadaver
960 2858 1120 2936 hominis
1149 2856 1297 2952 incidit,
1337 2860 1490 2935 omnino
1520 2858 1553 2934 ei

164 2994 299 3059 terram
318 2983 476 3083 injiciat,
497 2984 654 3084 sepeliat
676 2985 847 3080 remita,
867 2986 1097 3078 ut(m0rtui)
1116 2984 1163 3061 nd
1183 3009 1355 3060 oceasum
1374 2995 1552 3087 spectent.

801 3149 917 3225 1445.

274 3284 327 3362 Τὸ
347 3284 487 3362 λοιπὸν
500 3284 595 3384 μήτε
614 3286 929 3380 ἐναποθνήσκειν
947 3295 989 3364 ἐν
1009 3287 1119 3388 Δήλῳ
1134 3286 1231 3387 μήτε
1241 3290 1445 3377 ἐντίκτειν,
1466 3282 1550 3363 ἀλλ’

162 3419 197 3499 ἐς
214 3410 286 3504 τήν
299 3406 479 3505 Ῥήνειαν
498 3410 806 3513 διακομίζεσθαι.
1030 3418 1221 3520 (Thucyd.
1242 3420 1310 3512 III,
1333 3419 1439 3508 104.)

803 3581 917 3657 1445.

269 3724 326 3802 Ne
354 3726 436 3826 quis
464 3736 656 3826 posterum
684 3726 723 3800 in
742 3724 841 3802 Delo
865 3723 1043 3801 moriatur
1063 3724 1327 3827 (sepeliatur),
1357 3748 1452 3798 neve
1472 3748 1549 3797 mu·

161 3851 229 3926 lier
247 3851 286 3926 in
307 3877 352 3927 en
370 3864 521 3953 pareat,
551 3852 615 3927 sed
636 3852 674 3926 in
693 3851 886 3929 Rheneam
905 3851 1064 3927 insulam
1084 3861 1390 3951 transportentur.

803 4012 916 4089 1446.

269 4150 338 4244 Mei
360 4128 534 4251 νομίζειν
553 4145 711 4257 άγνοάς,
727 4150 817 4250 μηδ’
838 4151 907 4228 ἐάν
926 4153 1040 4251 ἱεροῖς
1060 4148 1290 4244 πλησιάζειν,
1312 4147 1373 4238 οἷς
1398 4146 1550 4249 ἐκφορά

159 4276 306 4381 γεγόνει
328 4285 396 4353 καί
417 4277 539 4374 τάφος
559 4271 609 4366 οἷς
627 4277 848 4370 τεθνηκόσι.
1097 4366 1100 4372 Δ

882 4389 1089 4484 (Plutarch.
1110 4399 1251 4487 quaest.
1273 4414 1363 4463 rom.
1386 4392 1441 4483 5.)

687 4492 690 4499 ¹
800 4552 914 4630 ιιιο.

266 4696 421 4773 Prosani
447 4696 676 4789 habeantur,
705 4723 827 4797 neque
846 4697 894 4772 ad
913 4695 1097 4771 sacrificis
1116 4694 1381 4788 admittantur,
1412 4694 1547 4794 quibus

159 4823 299 4898 factum
319 4824 441 4898 fuerat
459 4822 570 4897 funus
590 4835 628 4897 et
646 4822 885 4923 sepulchrum
904 4834 1096 4921 tamquam
1113 4820 1279 4897 mortuis.

748 5058 961 5075 w
