3404 5782
162 406 240 482 524
540 432 850 486 comussrcnrus
873 429 923 478 sn
940 427 1005 480 seo.
1025 425 1088 480 arr.
1108 427 1174 480 scs.

269 624 461 702 Demosth.
489 628 529 701 in
558 627 694 722 Everg.
724 633 763 698 et
790 620 946 697 Mnesib.
966 647 1002 720 p.
1026 619 1148 694 1161:
1176 610 1348 691 resiariu
1380 605 1406 690 ὅ
1440 611 1568 710 νόμος,

160 743 251 834 τούς
270 744 533 845 προσήκοντας
551 752 734 838 ἐπεξιέναι
750 749 862 842 μέχρι
884 737 1117 841 ἀνεψιαδῶν.

267 894 402 970 Pollux
434 893 662 985 V111‚118:
691 887 820 984 φόνου
849 887 883 962 δ’
913 889 1057 978 ἔξεστιν
1085 891 1279 976 ἐπεξιέναι
1309 891 1462 983 μέχρις
1489 879 1566 959 cirr-

160 1014 284 1116 ψιῶν,
323 1023 392 1091 καὶ
420 1024 462 1094 ἐν
490 1016 545 1116 τῴ
575 1013 681 1116 ὅρκῳ
719 1012 1027 1113 προσεπερατᾶν,
1066 1016 1122 1100 τίς-
1150 1010 1382 1109 προσὴκων
1413 1016 1496 1085 ἐστὶ
1521 1010 1565 1108 τῳ

158 1142 360 1218 τεθνεῶτι·
387 1137 468 1224 κᾶν
486 1147 634 1236 οἰκέτης
652 1135 675 1241 ᾗ
686 1200 697 1232 ,
727 1145 973 1233 ἐπισκήπτειν
992 1135 1299 1244 συγκεχώρηται.

265 1289 407 1386 Legem
426 1317 450 1367 a
467 1289 721 1368 Demosthene
744 1290 895 1366 citatam
914 1274 1119 1386 genuinam
1138 1283 1278 1376 fuisse,
1307 1292 1436 1385 patet
1457 1309 1503 1360 ex
1519 1284 1562 1357 in-

158 1415 361 1514 scriptione
379 1441 535 1514 graeca,
555 1440 667 1518 quam
686 1413 846 1491 Pittakis
864 1412 903 1489 in
925 1403 1150 1507 Ἐῳῳιερὶδι
1171 1401 1491 1509 ἆρχαιολογικῇ
1506 1408 1562 1483 snb

157 1563 313 1617 numero
334 1539 466 1634 888-0,
486 1549 524 1615 et
541 1539 724 1639 Rangabe
743 1537 781 1614 in
800 1532 1562 1637 libroAntiquiteshelleniques

157 1663 228 1741 sub
247 1689 399 1742 numere
420 1665 497 1740 259
516 1664 591 1741 luci
617 1662 791 1766 publicae
820 1661 1023 1755 dederunt,
1051 1659 1103 1735 ibi
1130 1659 1234 1737 enim
1263 1659 1375 1736 haec
1406 1657 1474 1735 lex
1499 1659 1561 1735 sere

156 1787 202 1865 de
220 1790 335 1868 verbo
354 1790 402 1869 ad
422 1792 579 1868 verbum
598 1791 817 1870 continetur.
854 1787 930 1866 Sed
947 1814 1018 1890 pro
1042 1779 1363 1860 αἰδεοάοθωσων
1384 1784 1562 1888 reperitur

156 1914 194 1989 in
213 1914 338 2016 lapide
375 1918 544 1988 ἐσέσθων
562 1916 802 2012 (immittant,
825 1913 986 1991 reditum
1007 1912 1249 2005 concedant).

264 2039 321 2117 Os.
341 2039 550 2119 Ko'hler:
580 2040 748 2121 Attische
767 2038 998 2121 Inschrit'ten
1026 2038 1229 2136 (Hermes,
1251 2037 1499 2117 Zeitschrift
1516 2037 1563 2114 fur

155 2164 354 2243 classische
374 2166 583 2268 Philolcgie
603 2168 652 2245 11.
672 2195 708 2270 p.
729 2165 790 2241 31.

742 2357 819 2442 Ad
839 2359 955 2442 848.

262 2523 397 2602 Sextus
416 2526 554 2629 Empir.
575 2524 660 2602 adv.
680 2526 894 2603 mathemat.
920 2526 976 2602 II:
1008 2514 1097 2596 Οὐκ
1115 2523 1369 2618 ἐπιτρέπεται
1392 2514 1563 2624 συνῆγο-

155 2673 225 2742 ρον
246 2651 504 2743 παρίστασθαι
532 2659 613 2734 τοῖς
642 2653 885 2746 κρινομένοις
912 2649 973 2722 ἐπὶ
1002 2643 1065 2737 τῆς
1084 2651 1127 2721 ἐν
1149 2640 1301 2746 Ἀρείῳ
1324 2640 1454 2752 πάγῳ
1472 2647 1565 2745 βου-

155 2769 240 2860 λῆς·
277 2768 362 2847 ἀλλ’
389 2779 570 2863 ἕκαστος,
610 2765 660 2860 οἷς
688 2775 768 2869 dyst
796 2770 1015 2872 δυνάμεως,
1049 2766 1327 2870 ἆδιαστρὸφως
1361 2776 1441 2846 καὶ
1471 2767 1565 2846 ἀπα-

156 2892 326 3000 νούργως
354 2887 449 2997 ὑπὲρ
478 2898 618 2976 ἑαυτοῦ
647 2894 786 3006 λόγους
816 2909 989 2975 ποιεῖται.
1038 2898 1144 2996 (Non
1180 2899 1427 2977 conceditur
1465 2901 1565 2977 utin

155 3020 353 3124 Areopago
381 3052 513 3102 carruae
543 3026 758 3103 defensores
786 3036 886 3104 stent
913 3054 996 3102 oum
1016 3022 1260 3115 adversariis,
1293 3023 1372 3100 sed
1395 3024 1565 3125 singulus

154 3174 222 3247 pro
243 3147 382 3227 viribus
401 3177 477 3228 non
497 3179 672 3254 perverse
691 3164 730 3229 et
748 3151 1116 3254 proculasraudibus
1135 3173 1204 3250 pro
1223 3175 1266 3225 se
1288 3148 1430 3228 verba
1445 3150 1563 3242 facit.)

739 3363 816 3448 An
845 3366 952 3446 841.

258 3526 674 3626 Platoheg.x1,937,
696 3531 833 3610 A-B:
862 3525 990 3623 Λούλρ
1018 3528 1144 3600 τεκαὶ
1165 3520 1303 3622 δούλῳ
1325 3531 1404 3600 καί
1429 3522 1556 3609 παιδὶ,

154 3647 281 3743 φόνου
295 3647 423 3746 μόνον
441 3658 574 3741 ἐξέστω
588 3663 798 3753 μαρτυρεῖν
816 3655 885 3726 καὶ
905 3660 1138 3755 συνηγορεῖν.
1159 3650 1335 3747 (servae
1349 3664 1391 3729 et
1402 3678 1518 3730 servo
1527 3663 1557 3726 et

154 3804 269 3877 puero
289 3778 335 3854 de
354 3779 468 3856 caede
488 3791 632 3857 tantum
651 3783 789 3859 licitum
811 3794 890 3858 esto
909 3779 1094 3857 testificari
1114 3789 1152 3854 et
1170 3802 1332 3854 causam
1354 3777 1522 3870 dicere.)

739 3990 815 4074 Ae
834 3988 950 4075 848.

261 4157 303 4232 In
325 4156 518 4255 Hungaria
536 4157 583 4234 ab
603 4161 765 4259 antiquis
792 4159 1023 4262 temporibus
1051 4180 1268 4258 supremum
1298 4160 1420 4258 regni
1439 4158 1552 4234 tribu·

151 4278 213 4354 nal
225 4280 353 4379 ‚quod
373 4282 558 4360 Tabulam
578 4284 887 4386 Septemviraiem
908 4295 1057 4374 vocant,
1079 4309 1156 4359 non
1176 4279 1290 4358 modo
1312 4308 1339 4359 e
1359 4285 1473 4384 loge,
1493 4280 1553 4360 sed

151 4406 261 4479 etiam
282 4431 325 4481 ex
346 4410 511 4507 aequitat
512 4410 700 4510 ejudicat

258 4529 370 4631 Apud
391 4534 710 4611 Lacedaemonios
738 4562 822 4611 cum
851 4536 897 4612 de
927 4536 1005 4610 vita
1034 4534 1338 4632 anquirebantur
1325 4562 1371 4612 rn
1384 4478 1551 4638 judicio,

151 4683 263 4733 causa
281 4682 303 4730 a
322 4658 529 4735 senioribus
550 4688 617 4762 per
640 4662 849 4762 complures
878 4661 957 4736 dies
986 4660 1286 4760 disceptabatur,
1317 4676 1363 4741 et
1393 4665 1461 4767 qui
1488 4664 1549 4741 sit

148 4781 386 4875 solvebatur,
416 4783 655 4860 nihilominus
682 4811 767 4861 reus
794 4787 943 4862 maneb
934 4799 981 4862 tt
1019 4785 1181 4863 Onusam
1209 4783 1341 4888 hujus
1349 4790 1552 4895 ὕθέειρα

148 4907 222 4981 snit
249 4905 542 4984 Alexandrides:
581 4909 712 4986 Plures
740 4911 820 4987 dies
843 4912 986 5012 judicio
1015 4911 1201 5013 impendi,
1222 4912 1382 5013 qnod
1363 4920 1552 4999 unm

149 5032 298 5134 capitali
327 5060 431 5110 error
458 5036 730 5110 correctionem
758 5061 833 5111 non
862 5036 1053 5114 admittat:
1081 5036 1264 5133 interimit

148 5161 286 5251 teneri,
316 5161 403 5263 quia
430 5160 500 5239 hac
527 5161 610 5261 lege
641 5160 863 5263 permissum
882 5163 930 5238 sit
948 5162 1084 5240 rectius
1109 5162 1212 5265 aliqn
