3404 5782
604 354 612 381 ⁸
702 350 764 403 JUS
783 350 994 407 PUBLICUM·

794 543 907 621 1224.

258 687 396 763 Hostes
416 683 601 762 cadavera
621 685 821 786 repetitum
845 688 1007 778 mittunt.

786 848 900 922 1225.

262 987 422 1075 Πάντως
442 983 552 1064 ὅσιον
571 983 787 1087 ἀνθρώπου
807 984 951 1087 νεκρὸν
968 986 1019 1092 γῇ
1037 984 1198 1090 κρύψαι.

1039 1118 1217 1208 (Pausan.
1238 1117 1266 1210 I,
1290 1115 1354 1211 32,
1377 1120 1442 1208 5.)

787 1224 900 1300 1225.

256 1369 415 1471 Semper
433 1369 537 1469 pium
557 1379 614 1444 est
633 1367 792 1443 hominis
812 1367 974 1444 cadaver
994 1378 1113 1444 terrae
1133 1368 1324 1445 mandare.

787 1529 901 1604 1226.

260 1664 375 1770 Uacci
397 1666 488 1743 πᾶσι
508 1680 588 1756 τοῖς
609 1664 764 1759 Ἕλλησι
790 1666 925 1754 κοινὸς
956 1665 1073 1765 νόμος
1093 1673 1197 1744 ἐστὶν
1216 1665 1396 1764 ἀτάφους
1417 1672 1556 1770 ῥίπτε-

150 1802 242 1872 σθαι
263 1792 355 1882 τούς
375 1793 607 1892 ἱεροσύλους.
895 1798 1065 1890 (Diodor.
1086 1797 1198 1874 Sicul.
1219 1797 1324 1894 XVI,
1347 1801 1439 1893 25.)

785 1960 899 2035 1226.

256 2102 368 2206 Apud
388 2102 581 2180 universos
601 2102 766 2180 Graecos
787 2102 974 2178 communi
993 2101 1076 2201 lege
1096 2105 1278 2179 sancitum
1297 2104 1479 2204 habetur,
1512 2118 1554 2183 ut

149 2230 319 2326 sacrilegi
338 2228 563 2327 abjiciantur
580 2227 769 2328 insepulti.

790 2372 902 2448 1227.

250 2511 322 2589 Ἐν
342 2522 423 2601 ταῖς
440 2509 541 2588 κατὰ
561 2510 731 2612 πόλεμον
752 2516 880 2598 νίκαις
895 2509 948 2610 μὴ
970 2509 1032 2587 διὰ
1052 2515 1196 2602 λίθων,
1227 2510 1290 2588 διὰ
1312 2511 1351 2587 δὲ
1372 2515 1457 2591 τῶν
1479 2545 1553 2591 τυ·

142 2638 300 2737 χὸντων
318 2638 445 2730 ξύλων
465 2638 614 2714 ἱστάναι
641 2635 688 2712 τοὶ
718 2636 902 2736 τρόπαια,
933 2633 1033 2725 ὅπως
1062 2634 1200 2742 ὀλίγον
1222 2637 1378 2739 χρόνον
1409 2639 1552 2741 διαμέ-

148 2795 268 2843 νοντα
285 2768 428 2860 ταχέως
447 2761 679 2858 ἀφανίζηται
698 2760 745 2836 τὰ
766 2759 831 2852 τῆς
850 2765 995 2860 ἔχθρας
1015 2755 1281 2862 ὑπομνήματα.

888 2891 1060 2985 (Diodor.
1081 2892 1193 2969 Sicul.
1215 2895 1321 2990 XIII,
1343 2896 1434 2989 24.)

786 3034 900 3110 1227.

255 3163 300 3240 In
319 3161 501 3238 bellorum
521 3160 685 3236 rictoriis
705 3185 781 3235 non
801 3158 821 3236 c
841 3162 959 3255 saxis,
989 3163 1055 3236 sed
1084 3162 1301 3259 vulgaribus
1328 3162 1449 3265 lignis
1472 3178 1548 3246 tro·

148 3312 244 3389 paea
262 3297 349 3362 sunt
367 3282 583 3377 statuenda,
603 3295 662 3378 ut,
683 3283 740 3360 his
759 3284 807 3360 ad
827 3286 1002 3382 exiguum
1021 3297 1168 3386 tempus
1188 3287 1438 3388 durantibus,
1460 3294 1549 3370 bre·

147 3414 184 3488 vi
203 3411 473 3486 inimicitiarum
494 3435 638 3510 quoque
658 3423 897 3487 monumenta
916 3412 1140 3488 exolescant.

786 3573 900 3647 1228.

257 3690 356 3771 Οὐδὲ
378 3697 414 3769 οἱ
434 3699 593 3771 λίθινον
620 3700 689 3769 καὶ
714 3695 898 3791 χαλκοῦν
928 3697 1128 3787 στήσαντες
1156 3695 1343 3797 τρόπαιον
1373 3697 1543 3780 εὐδοκι-

143 3821 276 3922 μοῦσι.
836 3822 1043 3916 (Plutarch.
1065 3838 1206 3925 quaest.
1228 3854 1319 3903 rom.
1340 3830 1431 3924 37.)

787 3993 900 4067 1228.

254 4116 385 4217 Neque
406 4117 553 4194 laudem
573 4117 848 4219 adipiscuntur,
878 4119 940 4219 qui
969 4120 1117 4222 lapidea
1144 4132 1208 4198 aut
1234 4148 1345 4198 aerea
1366 4135 1541 4202 statuunt

146 4252 309 4342 tropaea.

780 4351 893 4427 1229.

255 4469 363 4546 ’1τάτᾶ
394 4468 519 4571 νόμον
545 4469 632 4550 τινα
662 4477 731 4548 καὶ
761 4471 974 4564 συνήθειαν
994 4473 1182 4552 δοκοῦσιν
1202 4480 1238 4552 οὶ
1259 4480 1412 4578 νεκρῶν
1434 4475 1534 4559 riuo-

147 4593 326 4672 οπὸνδων
352 4597 536 4696 λαβόντες
565 4596 762 4699 ἀναίρεσιν
790 4596 1046 4705 ἀπολέγεσθαι
1075 4600 1148 4693 τὴν
1176 4608 1313 4696 νίκην,
1342 4611 1414 4681 κατ’
1445 4607 1535 4714 τρό-

148 4750 264 4798 παιον
282 4720 432 4797 ἱστάναι
451 4720 541 4810 τούς
560 4723 706 4800 τοῦτου
725 4723 916 4820 τυχόντας
936 4723 1014 4802 οὐκ
1034 4727 1227 4826 casanata
1246 4736 1334 4810 ἐστι.

979 4857 1186 4950 (Plutarch.
1209 4860 1347 4936 Nicias.
1370 4864 1428 4955 6.)

778 4963 892 5040 1229.

253 5084 355 5184 Lege
385 5093 422 5164 et
449 5086 716 5168 consuetudine
746 5103 937 5192 receptum
968 5101 1041 5186 est,
1071 5103 1111 5167 ut
1136 5092 1197 5191 qui
1216 5090 1459 5174 inducias-ad
1480 5126 1532 5174 se·
