3404 5782
158 312 236 388 Μ
513 327 822 387 consumente
841 327 898 381 Ao
916 323 994 384 rme.
1013 325 1096 383 rm.
1117 323 1215 382 M.

733 516 810 602 Ad
825 517 970 601 12³0.

262 669 321 747 cf.
341 667 520 746 Bosolhii
542 695 644 770 eorp.
663 667 829 768 inseript.
849 691 905 767 gr·
926 665 990 742 Nr.
1010 666 1063 741 90
1082 677 1120 741 et
1145 665 1285 740 1691.

735 876 812 962 At
828 877 973 960 1240.

263 1046 510 1124 Demosth.
541 1046 597 1122 de
626 1043 927 1120 Halonneso.
957 1041 1028 1116 ⁷9:
1057 1039 1371 1120 Macedonibus
1402 1043 1548 1145 reoipen

157 1174 259 1250 tione
278 1198 361 1248 enm
382 1168 672 1248 Atheniensibus
696 1195 773 1244 non
803 1177 884 1244 esse
912 1193 1027 1268 opus,
1055 1169 1336 1269 praeteritum
1358 1179 1547 1271 tempure·

155 1309 336 1396 gumento
355 1296 413 1372 sit.
453 1296 583 1396 Neque
612 1294 710 1370 enim
736 1293 795 1368 vel
815 1293 1000 1394 Amyntas
1019 1290 1193 1394 Philippi
1216 1304 1349 1394 pater
1370 1294 1435 1369 vel
1456 1294 1548 1394 reliqu?

156 1448 264 1523 reges
301 1435 466 1522 unquam
503 1420 811 1521 reciperationem
839 1443 924 1493 eum
952 1416 1104 1536 eivitpte
1143 1429 1296 1494 nostra
1329 1421 1549 1522 pepigerint.

157 1551 326 1649 quemvis
354 1561 445 1624 tuno
473 1546 582 1649 plura
605 1547 830 1623 commercia
858 1568 970 1645 quam
994 1568 1093 1619 nune
1111 1544 1339 1621 nobiseum
1363 1548 1413 1624 iis
1434 1548 1550 1623 intere-

156 1675 296 1752 derent.
333 1675 430 1750 Nam
458 1674 497 1748 in
525 1683 651 1748 nostra
676 1683 862 1773 potestate
882 1680 962 1747 erat
981 1669 1213 1746 Macedonia
1233 1681 1281 1746 et
1304 1673 1459 1748 tribute
1476 1673 1552 1748 nobi

156 1797 348 1899 pendebat
357 1809 395 1873 et
410 1798 584 1899 emporiis
603 1809 693 1874 tune
713 1799 832 1896 magis
851 1822 961 1897 quam
983 1804 1173 1870 nunotsm
1196 1821 1280 1871 nos
1294 1797 1459 1874 illorum
1477 1824 1553 1899 qum

155 1922 226 2024 ipsi
247 1923 383 1999 nostris
402 1925 622 2015 utebantur,
653 1934 690 1998 et
713 1922 856 2023 judicia
879 1931 1124 1996 mereatorum
1144 1946 1231 1995 non
1254 1935 1384 1999 erant
1405 1926 1459 1999 its
1475 1949 1552 1999 sees·

155 2060 255 2136 rats,
282 2057 323 2122 ut
341 2073 459 2140 nune,
490 2073 583 2147 quae
613 2047 701 2148 quia
729 2070 857 2122 mense
888 2044 1130 2137 dirimuntur,
1162 2045 1387 2142 efficiunt,
1421 2062 1463 2125 ut
1480 2062 1552 2124 tento

155 2173 318 2249 locorum
335 2171 533 2249 intervallo
553 2172 710 2274 sejuncti
729 2170 997 2271 reciperatione
1027 2169 1119 2244 nihil
1148 2170 1389 2270 indigeant.
1432 2173 1503 2250 Sed
1518 2184 1552 2247 h·

154 2321 236 2374 men
258 2324 371 2399 quum
390 2297 462 2373 illis
482 2299 712 2398 temporibus
731 2297 803 2374 tale
822 2296 913 2372 nihil
932 2297 969 2370 in
990 2321 1058 2371 usu
1077 2306 1198 2387 esset,
1222 2324 1314 2374 non
1339 2301 1552 2400 expediebat

154 2430 195 2499 ut
212 2436 324 2525 pacta
342 2424 611 2524 reciperatione
639 2423 686 2498 ad
709 2424 796 2524 jura
823 2421 988 2523 petenda
1014 2420 1074 2494 vel
1097 2441 1119 2492 e
1139 2420 1394 2500 Macedonia
1416 2423 1552 2502 Athens

154 2547 213 2625 vel
232 2547 388 2627 Athenis
407 2549 444 2624 in
466 2546 722 2624 Macedoniam
741 2547 1002 2645 navigaretur,
1028 2543 1092 2619 sed
1113 2555 1156 2620 ut
1175 2552 1487 2626 oontroversiss
1504 2577 1550 2626 ns

152 2674 323 2769 illorum,
343 2675 397 2749 sie
415 2674 467 2750 illi
487 2674 624 2750 nostris
643 2672 791 2772 legibus
804 2671 966 2773 judiosn'
986 2667 1247 2771 patiebantur.

263 2797 303 2874 si
321 2798 436 2898 igitur
454 2798 624 2874 civitates
644 2798 746 2873 nullo
766 2794 1048 2899 reciperationis
1070 2796 1158 2896 jure
1179 2800 1461 2899 conjunctae,
1489 2827 1550 2879 oon·

154 2923 353 3001 troversiss
380 2923 647 3024 cujuscumque
675 2923 841 2998 civitatis·
859 2918 1071 3013 hominum,
1100 2923 1276 3021 propriis
1313 2927 1403 3005 suis
1432 2928 1551 3027 legibus

147 3048 430 3150 judicaverant,
458 3046 615 3146 planum
634 3045 902 3140 videtur-esse,
930 3071 977 3122 ex
995 3044 1067 3122 hoo
1086 3046 1383 3130 Demosthenis
1404 3055 1505 3146 loeo,
1520 3053 1550 3126 ri-

152 3173 284 3250 vitstes
313 3174 592 3273 reciperationis
614 3175 700 3274 jure
729 3176 968 3274 sonjunotes,
998 3173 1101 3250 illum
1129 3172 1381 3258 observasse
1415 3181 1551 3263 modun

153 3309 195 3376 ut
222 3298 495 3375 controversias
522 3298 661 3376 civium
690 3309 970 3393 extraneorum,
1009 3324 1085 3375 non
1114 3302 1346 3380 seeundum
1378 3309 1551 3410 propriu,

153 3423 220 3502 sed
246 3424 379 3501 horum
406 3435 673 3502 extraneonum
702 3425 843 3526 patries
876 3424 980 3522 leges
1009 3423 1247 3502 dirimerent
1291 3427 1341 3506 Si
1372 3433 1492 3533 igitur
1514 3433 1553 3506 vir

154 3549 392 3629 Atheniensis
412 3575 496 3624 eum
517 3549 814 3627 Lacedaemonio
835 3546 994 3624 Athenis
1013 3547 1221 3645 litigasset,
1256 3559 1485 3636 seeundum
1501 3559 1551 3634 Le·

152 3676 431 3771 mosomense,
450 3676 481 3752 si
500 3688 626 3754 sutem
644 3675 818 3780 Spartae,
838 3674 1041 3753 seeundum
1063 3672 1330 3760 Athenienses
1353 3683 1470 3786 leges
1485 3685 1552 3760 suis·

153 3813 212 3880 set
227 3829 287 3879 res
303 3801 522 3879 dirimenda.

258 3927 304 4005 Id
323 3955 471 4028 quoque
490 3954 511 4005 e
531 3927 797 4006 Demosthenis
814 3927 899 4004 looo
924 3927 1111 4027 sequitur,
1140 3926 1249 4006 inter
1270 3932 1366 4014 illas
1388 3940 1554 4018 civitates

152 4079 247 4153 quse
266 4055 351 4129 lites
371 4064 619 4132 mercatorum
638 4055 736 4130 intra
754 4055 862 4131 unius
879 4054 1017 4130 mensis
1027 4053 1193 4154 spatium
1213 4055 1479 4161 dirimebant,
1498 4090 1555 4141 non

151 4179 264 4255 fuisse
284 4180 512 4257 necessarias
530 4180 569 4257 in
589 4181 716 4258 litibus
735 4193 980 4271 mercatorum
999 4178 1319 4280 reciperationes.

719 4389 802 4479 Ad
818 4392 962 4475 124³.

172 4570 176 4577 '
259 4556 395 4638 Pollux
415 4558 519 4655 Vlll,
539 4557 611 4636 88:
640 4561 709 4633 καὶ
736 4553 784 4634 wi
814 4554 994 4657 σύμβολα
1023 4559 1080 4653 (οἱ
1102 4561 1388 4665 θεσμοθέται)
1411 4568 1460 4644 τὰ
1482 4567 1556 4667 πρὸς
1599 4572 1600 4591 ’

150 4676 363 4767 &desolas
381 4682 581 4778 κυροῠσιν.
612 4686 716 4764 Haeo
735 4707 810 4762 non
831 4686 938 4764 aliter
961 4694 1395 4788 possuntooneordere
1417 4726 1501 4775 oum
1519 4699 1554 4773 ci·

150 4822 227 4886 teto
256 4809 516 4886 Demosthenis
543 4812 646 4905 loeo,
674 4840 787 4912 quem
815 4812 845 4889 si
877 4812 1144 4904 oonoedsmus,
1176 4817 1254 4892 sub
1290 4820 1554 4902 thesmothets·

149 4951 233 5015 rmh
250 4935 433 5036 praesidio
460 4950 707 5016 convocatum
733 4939 847 5015 fuisse
863 4935 1046 5039 judicium
1065 4936 1112 5013 sd
1132 4943 1458 5028 oonfirmandam
1479 4951 1553 5027 reei-

149 5063 390 5164 perationem.
