<?xml version="1.0" encoding="UTF-8"?>
<!DOCTYPE html PUBLIC "-//W3C//DTD XHTML 1.0 Transitional//EN"
    "http://www.w3.org/TR/xhtml1/DTD/xhtml1-transitional.dtd">
<html xmlns="http://www.w3.org/1999/xhtml" xml:lang="en" lang="en">
 <head>
  <title>
</title>
<meta http-equiv="Content-Type" content="text/html;charset=utf-8" />
  <meta name='ocr-system' content='tesseract 3.04.00' />
  <meta name='ocr-capabilities' content='ocr_page ocr_carea ocr_par ocr_line ocrx_word'/>
</head>
<body>
  <div class='ocr_page' id='page_1' title='image "./synaggtnattiknn00tlgoog_0595.png"; bbox 0 0 3436 5790; ppageno 0'>
   <div class='ocr_carea' id='block_1_1' title="bbox 516 344 1544 419">
    <p class='ocr_par' dir='ltr' id='par_1_1' title="bbox 516 344 1544 419">
     <span class='ocr_line' id='line_1_1' title="bbox 516 344 1544 419; baseline 0 -3"><span class='ocrx_word' id='word_1_1' title='bbox 516 367 824 419; x_wconf 70' lang='lat' dir='ltr'><strong>commaneamus</strong></span> <span class='ocrx_word' id='word_1_2' title='bbox 844 366 895 417; x_wconf 77' lang='lat' dir='ltr'><strong>tu</strong></span> <span class='ocrx_word' id='word_1_3' title='bbox 918 361 996 416; x_wconf 79' lang='lat'><strong>115³.</strong></span> <span class='ocrx_word' id='word_1_4' title='bbox 1017 361 1096 418; x_wconf 79' lang='lat' dir='ltr'><strong>tres.</strong></span> <span class='ocrx_word' id='word_1_5' title='bbox 1118 359 1195 419; x_wconf 81' lang='lat'><strong>115⁷.</strong></span> <span class='ocrx_word' id='word_1_6' title='bbox 1471 344 1544 416; x_wconf 78' lang='lat'><strong>571</strong></span> 
     </span>
    </p>
   </div>
   <div class='ocr_carea' id='block_1_2' title="bbox 739 548 972 637">
    <p class='ocr_par' dir='ltr' id='par_1_2' title="bbox 739 548 972 637">
     <span class='ocr_line' id='line_1_2' title="bbox 739 548 972 637; baseline 0.009 -2"><span class='ocrx_word' id='word_1_7' title='bbox 739 548 815 635; x_wconf 76' lang='lat' dir='ltr'><strong>Aa</strong></span> <span class='ocrx_word' id='word_1_8' title='bbox 837 554 972 637; x_wconf 73' lang='lat'><strong>115³.</strong></span> 
     </span>
    </p>
   </div>
   <div class='ocr_carea' id='block_1_3' title="bbox 160 718 1548 945">
    <p class='ocr_par' dir='ltr' id='par_1_3' title="bbox 160 718 1548 945">
     <span class='ocr_line' id='line_1_3' title="bbox 268 718 1548 822; baseline -0.002 -25"><span class='ocrx_word' id='word_1_9' title='bbox 268 718 379 822; x_wconf 80' lang='lat' dir='ltr'><strong>Apud</strong></span> <span class='ocrx_word' id='word_1_10' title='bbox 398 720 568 818; x_wconf 81' lang='lat' dir='ltr'><strong>Phryges</strong></span> <span class='ocrx_word' id='word_1_11' title='bbox 587 719 734 793; x_wconf 89' lang='lat' dir='ltr'><strong>videtur</strong></span> <span class='ocrx_word' id='word_1_12' title='bbox 754 718 815 794; x_wconf 84' lang='lat' dir='ltr'><strong>fur</strong></span> <span class='ocrx_word' id='word_1_13' title='bbox 833 744 982 819; x_wconf 84' lang='lat' dir='ltr'><strong>semper</strong></span> <span class='ocrx_word' id='word_1_14' title='bbox 998 732 1117 796; x_wconf 88' lang='lat' dir='ltr'><strong>morte</strong></span> <span class='ocrx_word' id='word_1_15' title='bbox 1136 721 1288 820; x_wconf 87' lang='lat' dir='ltr'><strong>punitus</strong></span> <span class='ocrx_word' id='word_1_16' title='bbox 1309 720 1442 813; x_wconf 84' lang='lat' dir='ltr'><strong>luisso;</strong></span> <span class='ocrx_word' id='word_1_17' title='bbox 1462 747 1548 795; x_wconf 88' lang='lat' dir='ltr'><strong>uam</strong></span> 
     </span>
     <span class='ocr_line' id='line_1_4' title="bbox 160 843 1548 945; baseline 0.001 -25"><span class='ocrx_word' id='word_1_18' title='bbox 160 846 189 920; x_wconf 86' lang='lat' dir='ltr'><strong>si</strong></span> <span class='ocrx_word' id='word_1_19' title='bbox 211 846 292 945; x_wconf 87' lang='lat' dir='ltr'><strong>quis</strong></span> <span class='ocrx_word' id='word_1_20' title='bbox 313 845 411 945; x_wconf 89' lang='lat' dir='ltr'><strong>apud</strong></span> <span class='ocrx_word' id='word_1_21' title='bbox 431 870 492 918; x_wconf 88' lang='lat' dir='ltr'><strong>eos</strong></span> <span class='ocrx_word' id='word_1_22' title='bbox 512 844 650 919; x_wconf 90' lang='lat' dir='ltr'><strong>bovem</strong></span> <span class='ocrx_word' id='word_1_23' title='bbox 679 852 861 918; x_wconf 86' lang='lat' dir='ltr'><strong>aratorem</strong></span> <span class='ocrx_word' id='word_1_24' title='bbox 890 843 1114 923; x_wconf 84' lang='lat' dir='ltr'><strong>interficeret</strong></span> <span class='ocrx_word' id='word_1_25' title='bbox 1143 854 1207 919; x_wconf 83' lang='lat' dir='ltr'><strong>aut</strong></span> <span class='ocrx_word' id='word_1_26' title='bbox 1225 845 1473 943; x_wconf 79' lang='lat' dir='ltr'>agriculturae</span> <span class='ocrx_word' id='word_1_27' title='bbox 1493 847 1548 921; x_wconf 94' lang='lat' dir='ltr'><strong>in-</strong></span> 
     </span>
    </p>
   </div>
   <div class='ocr_carea' id='block_1_4' title="bbox 160 968 1549 1194">
    <p class='ocr_par' dir='ltr' id='par_1_4' title="bbox 160 968 1549 1194">
     <span class='ocr_line' id='line_1_5' title="bbox 160 968 1549 1071; baseline -0.001 -26"><span class='ocrx_word' id='word_1_28' title='bbox 160 981 409 1046; x_wconf 79' lang='lat' dir='ltr'><strong>strumentum</strong></span> <span class='ocrx_word' id='word_1_29' title='bbox 429 968 648 1071; x_wconf 86' lang='lat' dir='ltr'><strong>suniperet,</strong></span> <span class='ocrx_word' id='word_1_30' title='bbox 669 978 788 1044; x_wconf 90' lang='lat' dir='ltr'><strong>morte</strong></span> <span class='ocrx_word' id='word_1_31' title='bbox 808 968 1066 1045; x_wconf 81' lang='lat' dir='ltr'><strong>mulctabatur.</strong></span> <span class='ocrx_word' id='word_1_32' title='bbox 1096 970 1152 1063; x_wconf 92' lang='lat' dir='ltr'><strong>(N</strong></span> <span class='ocrx_word' id='word_1_33' title='bbox 1161 968 1314 1053; x_wconf 83' lang='lat' dir='ltr'><strong>icolai</strong></span> <span class='ocrx_word' id='word_1_34' title='bbox 1333 971 1549 1048; x_wconf 84' lang='lat' dir='ltr'><strong>Damaso.</strong></span> 
     </span>
     <span class='ocr_line' id='line_1_6' title="bbox 160 1092 425 1194; baseline -0.026 -23"><span class='ocrx_word' id='word_1_35' title='bbox 160 1097 292 1194; x_wconf 80' lang='lat' dir='ltr'><strong>fragm.</strong></span> <span class='ocrx_word' id='word_1_36' title='bbox 318 1092 425 1185; x_wconf 81' lang='lat'><strong>128.)</strong></span> 
     </span>
    </p>
   </div>
   <div class='ocr_carea' id='block_1_5' title="bbox 160 1235 1551 2228">
    <p class='ocr_par' dir='ltr' id='par_1_5' title="bbox 160 1235 1551 1961">
     <span class='ocr_line' id='line_1_7' title="bbox 267 1235 1549 1336; baseline 0.001 -23"><span class='ocrx_word' id='word_1_37' title='bbox 267 1235 443 1315; x_wconf 81' lang='lat' dir='ltr'><strong>Cumanis</strong></span> <span class='ocrx_word' id='word_1_38' title='bbox 464 1263 543 1310; x_wconf 85' lang='lat' dir='ltr'><strong>mos</strong></span> <span class='ocrx_word' id='word_1_39' title='bbox 564 1246 663 1329; x_wconf 86' lang='lat' dir='ltr'><strong>erat,</strong></span> <span class='ocrx_word' id='word_1_40' title='bbox 693 1235 740 1310; x_wconf 86' lang='lat' dir='ltr'><strong>ad</strong></span> <span class='ocrx_word' id='word_1_41' title='bbox 760 1235 979 1335; x_wconf 87' lang='lat' dir='ltr'><strong>reparanda</strong></span> <span class='ocrx_word' id='word_1_42' title='bbox 996 1262 1091 1336; x_wconf 86' lang='lat' dir='ltr'><strong>quae</strong></span> <span class='ocrx_word' id='word_1_43' title='bbox 1111 1237 1208 1312; x_wconf 88' lang='lat' dir='ltr'><strong>furto</strong></span> <span class='ocrx_word' id='word_1_44' title='bbox 1227 1236 1338 1312; x_wconf 89' lang='lat' dir='ltr'><strong>alicui</strong></span> <span class='ocrx_word' id='word_1_45' title='bbox 1356 1239 1549 1334; x_wconf 76' lang='lat' dir='ltr'><strong>subtracta</strong></span> 
     </span>
     <span class='ocr_line' id='line_1_8' title="bbox 160 1359 1548 1463; baseline 0.001 -25"><span class='ocrx_word' id='word_1_46' title='bbox 160 1375 305 1453; x_wconf 86' lang='lat' dir='ltr'><strong>essent,</strong></span> <span class='ocrx_word' id='word_1_47' title='bbox 333 1361 478 1437; x_wconf 89' lang='lat' dir='ltr'><strong>vicinos</strong></span> <span class='ocrx_word' id='word_1_48' title='bbox 498 1359 693 1460; x_wconf 87' lang='lat' dir='ltr'><strong>pecuniam</strong></span> <span class='ocrx_word' id='word_1_49' title='bbox 713 1361 891 1437; x_wconf 78' lang='lat' dir='ltr'><strong>conferre.</strong></span> <span class='ocrx_word' id='word_1_50' title='bbox 930 1363 989 1436; x_wconf 87' lang='lat' dir='ltr'><strong>Ita</strong></span> <span class='ocrx_word' id='word_1_51' title='bbox 1008 1362 1169 1453; x_wconf 87' lang='lat' dir='ltr'><strong>factum,</strong></span> <span class='ocrx_word' id='word_1_52' title='bbox 1200 1372 1240 1435; x_wconf 92' lang='lat' dir='ltr'><strong>ut</strong></span> <span class='ocrx_word' id='word_1_53' title='bbox 1258 1387 1448 1463; x_wconf 86' lang='lat' dir='ltr'><strong>perpauca</strong></span> <span class='ocrx_word' id='word_1_54' title='bbox 1466 1388 1548 1462; x_wconf 86' lang='lat' dir='ltr'><strong>per-</strong></span> 
     </span>
     <span class='ocr_line' id='line_1_9' title="bbox 160 1486 1551 1587; baseline -0.001 -23"><span class='ocrx_word' id='word_1_55' title='bbox 160 1490 355 1579; x_wconf 84' lang='lat' dir='ltr'><strong>derentur,</strong></span> <span class='ocrx_word' id='word_1_56' title='bbox 389 1513 517 1562; x_wconf 86' lang='lat' dir='ltr'><strong>omnes</strong></span> <span class='ocrx_word' id='word_1_57' title='bbox 538 1486 634 1562; x_wconf 88' lang='lat' dir='ltr'><strong>enim</strong></span> <span class='ocrx_word' id='word_1_58' title='bbox 655 1486 797 1585; x_wconf 87' lang='lat' dir='ltr'><strong>pariter</strong></span> <span class='ocrx_word' id='word_1_59' title='bbox 816 1486 1079 1564; x_wconf 87' lang='lat' dir='ltr'><strong>observabant.</strong></span> <span class='ocrx_word' id='word_1_60' title='bbox 1116 1486 1237 1587; x_wconf 86' lang='lat' dir='ltr'><strong>Atque</strong></span> <span class='ocrx_word' id='word_1_61' title='bbox 1256 1487 1345 1562; x_wconf 91' lang='lat' dir='ltr'><strong>binc</strong></span> <span class='ocrx_word' id='word_1_62' title='bbox 1365 1487 1551 1563; x_wconf 73' lang='lat' dir='ltr'><strong>Hesiodus</strong></span> 
     </span>
     <span class='ocr_line' id='line_1_10' title="bbox 160 1610 1551 1712; baseline -0.003 -24"><span class='ocrx_word' id='word_1_63' title='bbox 160 1614 250 1688; x_wconf 89' lang='lat' dir='ltr'><strong>dicit</strong></span> <span class='ocrx_word' id='word_1_64' title='bbox 268 1612 405 1712; x_wconf 87' lang='lat' dir='ltr'><strong>(Oper.</strong></span> <span class='ocrx_word' id='word_1_65' title='bbox 428 1623 464 1686; x_wconf 91' lang='lat' dir='ltr'><strong>et</strong></span> <span class='ocrx_word' id='word_1_66' title='bbox 484 1611 583 1687; x_wconf 85' lang='lat' dir='ltr'><strong>Dies.</strong></span> <span class='ocrx_word' id='word_1_67' title='bbox 606 1610 724 1702; x_wconf 78' lang='lat'>348):</span> <span class='ocrx_word' id='word_1_68' title='bbox 755 1612 955 1711; x_wconf 85' lang='lat' dir='ltr'><strong>Nunquam</strong></span> <span class='ocrx_word' id='word_1_69' title='bbox 985 1614 1055 1687; x_wconf 86' lang='lat' dir='ltr'><strong>bos</strong></span> <span class='ocrx_word' id='word_1_70' title='bbox 1075 1612 1311 1712; x_wconf 87' lang='lat' dir='ltr'><strong>perderetur,</strong></span> <span class='ocrx_word' id='word_1_71' title='bbox 1343 1611 1411 1685; x_wconf 88' lang='lat' dir='ltr'><strong>uisi</strong></span> <span class='ocrx_word' id='word_1_72' title='bbox 1429 1611 1551 1686; x_wconf 81' lang='lat' dir='ltr'><strong>&#39;malus</strong></span> 
     </span>
     <span class='ocr_line' id='line_1_11' title="bbox 160 1727 1551 1837; baseline -0.003 -23"><span class='ocrx_word' id='word_1_73' title='bbox 160 1749 259 1814; x_wconf 82' lang='lat' dir='ltr'><strong>esset</strong></span> <span class='ocrx_word' id='word_1_74' title='bbox 286 1738 436 1813; x_wconf 87' lang='lat' dir='ltr'><strong>vicinus.</strong></span> <span class='ocrx_word' id='word_1_75' title='bbox 479 1729 566 1808; x_wconf 69' lang='lat' dir='ltr'><strong>(liis</strong></span> <span class='ocrx_word' id='word_1_76' title='bbox 595 1727 647 1807; x_wconf 79' lang='lat' dir='ltr'><strong>dir</strong></span> <span class='ocrx_word' id='word_1_77' title='bbox 678 1732 777 1828; x_wconf 78' lang='grc' dir='ltr'><strong>βοῦς</strong></span> <span class='ocrx_word' id='word_1_78' title='bbox 805 1730 993 1822; x_wconf 78' lang='grc' dir='ltr'><strong><em>ἀπόλοιτ’,</em></strong></span> <span class='ocrx_word' id='word_1_79' title='bbox 1023 1737 1060 1807; x_wconf 70' lang='grc' dir='ltr'><strong>εἰ</strong></span> <span class='ocrx_word' id='word_1_80' title='bbox 1079 1730 1133 1830; x_wconf 69' lang='grc' dir='ltr'><strong>μὴ</strong></span> <span class='ocrx_word' id='word_1_81' title='bbox 1165 1737 1303 1837; x_wconf 77' lang='grc' dir='ltr'><em>γείτων</em></span> <span class='ocrx_word' id='word_1_82' title='bbox 1331 1728 1455 1820; x_wconf 76' lang='grc' dir='ltr'><strong><em>κακὸς</em></strong></span> <span class='ocrx_word' id='word_1_83' title='bbox 1484 1733 1551 1823; x_wconf 73' lang='grc' dir='ltr'><strong>εἴη.</strong></span> 
     </span>
     <span class='ocr_line' id='line_1_12' title="bbox 160 1861 1093 1961; baseline -0.005 -22"><span class='ocrx_word' id='word_1_84' title='bbox 160 1862 632 1956; x_wconf 85' lang='lat' dir='ltr'><strong>(HeraclidesPont.</strong></span> <span class='ocrx_word' id='word_1_85' title='bbox 653 1863 710 1937; x_wconf 89' lang='lat' dir='ltr'><strong>De</strong></span> <span class='ocrx_word' id='word_1_86' title='bbox 732 1861 806 1937; x_wconf 90' lang='lat' dir='ltr'><strong>reb.</strong></span> <span class='ocrx_word' id='word_1_87' title='bbox 827 1861 928 1961; x_wconf 93' lang='lat' dir='ltr'><strong>publ.</strong></span> <span class='ocrx_word' id='word_1_88' title='bbox 951 1863 1015 1953; x_wconf 81' lang='lat' dir='ltr'><strong>XI,</strong></span> <span class='ocrx_word' id='word_1_89' title='bbox 1037 1864 1093 1954; x_wconf 78' lang='lat'><strong>4.)</strong></span> 
     </span>
    </p>

    <p class='ocr_par' dir='ltr' id='par_1_6' title="bbox 161 2003 1550 2228">
     <span class='ocr_line' id='line_1_13' title="bbox 267 2003 1550 2107; baseline 0.001 -25"><span class='ocrx_word' id='word_1_90' title='bbox 267 2003 380 2106; x_wconf 79' lang='lat' dir='ltr'><strong>Apud</strong></span> <span class='ocrx_word' id='word_1_91' title='bbox 399 2006 546 2107; x_wconf 85' lang='lat' dir='ltr'><strong>Lycios,</strong></span> <span class='ocrx_word' id='word_1_92' title='bbox 568 2007 597 2079; x_wconf 84' lang='lat' dir='ltr'><strong>si</strong></span> <span class='ocrx_word' id='word_1_93' title='bbox 619 2006 700 2105; x_wconf 89' lang='lat' dir='ltr'><strong>quis</strong></span> <span class='ocrx_word' id='word_1_94' title='bbox 720 2005 815 2083; x_wconf 92' lang='lat' dir='ltr'><strong>liber</strong></span> <span class='ocrx_word' id='word_1_95' title='bbox 836 2004 1105 2083; x_wconf 86' lang='lat' dir='ltr'><strong>condemnatus</strong></span> <span class='ocrx_word' id='word_1_96' title='bbox 1125 2005 1196 2082; x_wconf 85' lang='lat' dir='ltr'><strong>luit</strong></span> <span class='ocrx_word' id='word_1_97' title='bbox 1215 2005 1313 2098; x_wconf 84' lang='lat' dir='ltr'><strong>sorti,</strong></span> <span class='ocrx_word' id='word_1_98' title='bbox 1334 2031 1456 2104; x_wconf 88' lang='lat' dir='ltr'><strong>poena</strong></span> <span class='ocrx_word' id='word_1_99' title='bbox 1474 2031 1550 2083; x_wconf 86' lang='lat' dir='ltr'><strong>ser-</strong></span> 
     </span>
     <span class='ocr_line' id='line_1_14' title="bbox 161 2128 1451 2228; baseline -0.004 -22"><span class='ocrx_word' id='word_1_100' title='bbox 161 2132 288 2207; x_wconf 86' lang='lat' dir='ltr'><strong>vitutis</strong></span> <span class='ocrx_word' id='word_1_101' title='bbox 309 2131 342 2205; x_wconf 89' lang='lat' dir='ltr'><strong>ei</strong></span> <span class='ocrx_word' id='word_1_102' title='bbox 363 2131 485 2207; x_wconf 83' lang='lat' dir='ltr'><strong>fuerat</strong></span> <span class='ocrx_word' id='word_1_103' title='bbox 503 2131 677 2224; x_wconf 86' lang='lat' dir='ltr'><strong>irrogata.</strong></span> <span class='ocrx_word' id='word_1_104' title='bbox 707 2129 871 2223; x_wconf 87' lang='lat' dir='ltr'><strong>(Nicol</strong></span> <span class='ocrx_word' id='word_1_105' title='bbox 885 2131 927 2204; x_wconf 93' lang='lat' dir='ltr'><strong>ai</strong></span> <span class='ocrx_word' id='word_1_106' title='bbox 947 2132 1163 2206; x_wconf 86' lang='lat' dir='ltr'><strong>Damaso.</strong></span> <span class='ocrx_word' id='word_1_107' title='bbox 1187 2129 1319 2228; x_wconf 80' lang='lat' dir='ltr'><strong>fragm.</strong></span> <span class='ocrx_word' id='word_1_108' title='bbox 1343 2128 1451 2220; x_wconf 83' lang='lat'><strong>129.)</strong></span> 
     </span>
    </p>
   </div>
   <div class='ocr_carea' id='block_1_6' title="bbox 741 2353 969 2440">
    <p class='ocr_par' dir='ltr' id='par_1_7' title="bbox 741 2353 969 2440">
     <span class='ocr_line' id='line_1_15' title="bbox 741 2353 969 2440; baseline -0.013 0"><span class='ocrx_word' id='word_1_109' title='bbox 741 2353 817 2440; x_wconf 81' lang='lat' dir='ltr'><strong>Ad</strong></span> <span class='ocrx_word' id='word_1_110' title='bbox 835 2357 969 2439; x_wconf 76' lang='lat' dir='ltr'><strong>uae.</strong></span> 
     </span>
    </p>
   </div>
   <div class='ocr_carea' id='block_1_7' title="bbox 161 2522 1552 2877">
    <p class='ocr_par' dir='ltr' id='par_1_8' title="bbox 161 2522 1552 2877">
     <span class='ocr_line' id='line_1_16' title="bbox 268 2522 1549 2624; baseline 0 -25"><span class='ocrx_word' id='word_1_111' title='bbox 268 2525 375 2600; x_wconf 91' lang='lat' dir='ltr'><strong>Plato</strong></span> <span class='ocrx_word' id='word_1_112' title='bbox 394 2522 617 2624; x_wconf 87' lang='lat' dir='ltr'><strong>praescribit</strong></span> <span class='ocrx_word' id='word_1_113' title='bbox 633 2523 672 2596; x_wconf 91' lang='lat' dir='ltr'><strong>in</strong></span> <span class='ocrx_word' id='word_1_114' title='bbox 691 2522 859 2620; x_wconf 82' lang='lat' dir='ltr'><strong>Legibus</strong></span> <span class='ocrx_word' id='word_1_115' title='bbox 879 2522 988 2615; x_wconf 82' lang='grc'>(933,</span> <span class='ocrx_word' id='word_1_116' title='bbox 1008 2525 1090 2601; x_wconf 90' lang='lat' dir='ltr'><strong>D-</strong></span> <span class='ocrx_word' id='word_1_117' title='bbox 1100 2523 1167 2613; x_wconf 75' lang='lat' dir='ltr'><strong>EJ:</strong></span> <span class='ocrx_word' id='word_1_118' title='bbox 1196 2523 1260 2624; x_wconf 91' lang='lat' dir='ltr'><strong>qui</strong></span> <span class='ocrx_word' id='word_1_119' title='bbox 1281 2522 1460 2601; x_wconf 88' lang='lat' dir='ltr'><strong>veneficio</strong></span> <span class='ocrx_word' id='word_1_120' title='bbox 1480 2524 1549 2602; x_wconf 88' lang='lat' dir='ltr'><strong>uti·</strong></span> 
     </span>
     <span class='ocr_line' id='line_1_17' title="bbox 161 2646 1551 2749; baseline -0.001 -22"><span class='ocrx_word' id='word_1_121' title='bbox 161 2664 220 2729; x_wconf 87' lang='lat' dir='ltr'><strong>tur</strong></span> <span class='ocrx_word' id='word_1_122' title='bbox 238 2652 276 2727; x_wconf 90' lang='lat' dir='ltr'><strong>in</strong></span> <span class='ocrx_word' id='word_1_123' title='bbox 295 2648 454 2749; x_wconf 80' lang='lat' dir='ltr'><strong>aliquem</strong></span> <span class='ocrx_word' id='word_1_124' title='bbox 473 2673 558 2724; x_wconf 89' lang='lat' dir='ltr'><strong>cum</strong></span> <span class='ocrx_word' id='word_1_125' title='bbox 578 2646 716 2723; x_wconf 89' lang='lat' dir='ltr'><strong>damno</strong></span> <span class='ocrx_word' id='word_1_126' title='bbox 735 2673 811 2723; x_wconf 89' lang='lat' dir='ltr'><strong>non</strong></span> <span class='ocrx_word' id='word_1_127' title='bbox 829 2648 931 2724; x_wconf 89' lang='lat' dir='ltr'><strong>letali</strong></span> <span class='ocrx_word' id='word_1_128' title='bbox 952 2673 1071 2748; x_wconf 87' lang='lat' dir='ltr'><strong>neque</strong></span> <span class='ocrx_word' id='word_1_129' title='bbox 1090 2648 1208 2749; x_wconf 81' lang='lat' dir='ltr'><strong>ipsius</strong></span> <span class='ocrx_word' id='word_1_130' title='bbox 1224 2647 1551 2747; x_wconf 86' lang='lat' dir='ltr'><strong>nequebominum</strong></span> 
     </span>
     <span class='ocr_line' id='line_1_18' title="bbox 162 2770 1552 2877; baseline -0.002 -23"><span class='ocrx_word' id='word_1_131' title='bbox 162 2778 252 2877; x_wconf 86' lang='lat' dir='ltr'><strong>ejus,</strong></span> <span class='ocrx_word' id='word_1_132' title='bbox 273 2776 338 2852; x_wconf 81' lang='lat' dir='ltr'><strong>aed</strong></span> <span class='ocrx_word' id='word_1_133' title='bbox 350 2798 623 2874; x_wconf 88' lang='lat' dir='ltr'><strong>cumpecorum</strong></span> <span class='ocrx_word' id='word_1_134' title='bbox 638 2773 697 2850; x_wconf 85' lang='lat' dir='ltr'><strong>val</strong></span> <span class='ocrx_word' id='word_1_135' title='bbox 717 2775 929 2851; x_wconf 82' lang='lat' dir='ltr'><strong>examinum</strong></span> <span class='ocrx_word' id='word_1_136' title='bbox 948 2774 1094 2865; x_wconf 86' lang='lat' dir='ltr'><strong>damno,</strong></span> <span class='ocrx_word' id='word_1_137' title='bbox 1115 2774 1145 2849; x_wconf 88' lang='lat' dir='ltr'><strong>si</strong></span> <span class='ocrx_word' id='word_1_138' title='bbox 1155 2770 1326 2851; x_wconf 82' lang='lat' dir='ltr'><strong>medicus</strong></span> <span class='ocrx_word' id='word_1_139' title='bbox 1345 2784 1412 2866; x_wconf 77' lang='lat' dir='ltr'><strong>est,</strong></span> <span class='ocrx_word' id='word_1_140' title='bbox 1432 2784 1552 2853; x_wconf 88' lang='lat' dir='ltr'><strong>morte</strong></span> 
     </span>
    </p>
   </div>
   <div class='ocr_carea' id='block_1_8' title="bbox 155 2896 1630 3752">
    <p class='ocr_par' dir='ltr' id='par_1_9' title="bbox 155 2896 1630 3752">
     <span class='ocr_line' id='line_1_19' title="bbox 162 2896 1553 3006; baseline -0.002 -26"><span class='ocrx_word' id='word_1_141' title='bbox 162 2903 355 3006; x_wconf 82' lang='lat' dir='ltr'><strong>plectitor,</strong></span> <span class='ocrx_word' id='word_1_142' title='bbox 375 2901 433 2977; x_wconf 88' lang='lat' dir='ltr'><strong>sin</strong></span> <span class='ocrx_word' id='word_1_143' title='bbox 453 2925 587 3000; x_wconf 88' lang='lat' dir='ltr'><strong>expers</strong></span> <span class='ocrx_word' id='word_1_144' title='bbox 607 2899 716 2992; x_wconf 89' lang='lat' dir='ltr'><strong>artis,</strong></span> <span class='ocrx_word' id='word_1_145' title='bbox 746 2898 834 2999; x_wconf 91' lang='lat' dir='ltr'><strong>quid</strong></span> <span class='ocrx_word' id='word_1_146' title='bbox 853 2924 938 2974; x_wconf 91' lang='lat' dir='ltr'><strong>eum</strong></span> <span class='ocrx_word' id='word_1_147' title='bbox 958 2899 1036 2998; x_wconf 85' lang='lat' dir='ltr'><strong>pati</strong></span> <span class='ocrx_word' id='word_1_148' title='bbox 1056 2899 1116 2974; x_wconf 91' lang='lat' dir='ltr'><strong>vel</strong></span> <span class='ocrx_word' id='word_1_149' title='bbox 1136 2896 1351 3004; x_wconf 82' lang='lat' dir='ltr'><strong>dependere</strong></span> <span class='ocrx_word' id='word_1_150' title='bbox 1370 2910 1553 3000; x_wconf 80' lang='lat' dir='ltr'><strong>oporteat,</strong></span> 
     </span>
     <span class='ocr_line' id='line_1_20' title="bbox 155 3018 1553 3128; baseline -0.004 -24"><span class='ocrx_word' id='word_1_151' title='bbox 155 3026 338 3128; x_wconf 89' lang='lat' dir='ltr'><strong>judicium</strong></span> <span class='ocrx_word' id='word_1_152' title='bbox 356 3025 390 3099; x_wconf 90' lang='lat' dir='ltr'><strong>ei</strong></span> <span class='ocrx_word' id='word_1_153' title='bbox 410 3022 615 3100; x_wconf 88' lang='lat' dir='ltr'><strong>aestimato.</strong></span> <span class='ocrx_word' id='word_1_154' title='bbox 655 3020 694 3098; x_wconf 84' lang='lat' dir='ltr'><strong>si</strong></span> <span class='ocrx_word' id='word_1_155' title='bbox 723 3049 813 3099; x_wconf 87' lang='lat' dir='ltr'><strong>vero</strong></span> <span class='ocrx_word' id='word_1_156' title='bbox 843 3022 1148 3112; x_wconf 81' lang='lat' dir='ltr'><strong>devinctionibus</strong></span> <span class='ocrx_word' id='word_1_157' title='bbox 1177 3018 1472 3120; x_wconf 74' lang='grc' dir='ltr'><strong><em>(καταδέσεσιν)</em></strong></span> <span class='ocrx_word' id='word_1_158' title='bbox 1491 3027 1553 3107; x_wconf 85' lang='lat' dir='ltr'><strong>vel</strong></span> 
     </span>
     <span class='ocr_line' id='line_1_21' title="bbox 161 3141 1553 3250; baseline 0 -25"><span class='ocrx_word' id='word_1_159' title='bbox 161 3149 439 3229; x_wconf 83' lang='lat' dir='ltr'><strong>inductionibus</strong></span> <span class='ocrx_word' id='word_1_160' title='bbox 459 3150 716 3247; x_wconf 76' lang='grc' dir='ltr'><strong><em>(ἐπαγωγαῖς)</em></strong></span> <span class='ocrx_word' id='word_1_161' title='bbox 743 3148 803 3223; x_wconf 88' lang='lat' dir='ltr'><strong>vel</strong></span> <span class='ocrx_word' id='word_1_162' title='bbox 833 3146 1068 3223; x_wconf 85' lang='lat' dir='ltr'><strong>cautionibus</strong></span> <span class='ocrx_word' id='word_1_163' title='bbox 1094 3141 1302 3243; x_wconf 66' lang='grc' dir='ltr'><em>(ἐπῳδαῖς)</em></span> <span class='ocrx_word' id='word_1_164' title='bbox 1329 3148 1553 3250; x_wconf 81' lang='lat' dir='ltr'><strong>quibusdam</strong></span> 
     </span>
     <span class='ocr_line' id='line_1_22' title="bbox 162 3271 1630 3378; baseline 0 -27"><span class='ocrx_word' id='word_1_165' title='bbox 162 3277 223 3352; x_wconf 89' lang='lat' dir='ltr'><strong>vel</strong></span> <span class='ocrx_word' id='word_1_166' title='bbox 242 3273 450 3375; x_wconf 85' lang='lat' dir='ltr'><strong>hujusmodi</strong></span> <span class='ocrx_word' id='word_1_167' title='bbox 470 3273 654 3349; x_wconf 87' lang='lat' dir='ltr'><strong>veneficio</strong></span> <span class='ocrx_word' id='word_1_168' title='bbox 674 3272 801 3374; x_wconf 89' lang='lat' dir='ltr'><strong>aliquo</strong></span> <span class='ocrx_word' id='word_1_169' title='bbox 820 3272 970 3349; x_wconf 87' lang='lat' dir='ltr'><strong>nocenti</strong></span> <span class='ocrx_word' id='word_1_170' title='bbox 990 3271 1118 3348; x_wconf 85' lang='lat' dir='ltr'><strong>similis</strong></span> <span class='ocrx_word' id='word_1_171' title='bbox 1140 3300 1220 3349; x_wconf 87' lang='lat' dir='ltr'><strong>esse</strong></span> <span class='ocrx_word' id='word_1_172' title='bbox 1239 3273 1339 3353; x_wconf 87' lang='lat' dir='ltr'><strong>visus</strong></span> <span class='ocrx_word' id='word_1_173' title='bbox 1359 3273 1493 3365; x_wconf 85' lang='lat' dir='ltr'><strong>fuerit,</strong></span> <span class='ocrx_word' id='word_1_174' title='bbox 1523 3276 1554 3351; x_wconf 84' lang='lat' dir='ltr'><strong>si</strong></span> <span class='ocrx_word' id='word_1_175' title='bbox 1629 3375 1630 3378; x_wconf 8' lang='grc' dir='ltr'><strong>Ἴ</strong></span> 
     </span>
     <span class='ocr_line' id='line_1_23' title="bbox 162 3396 1553 3500; baseline 0.003 -26"><span class='ocrx_word' id='word_1_176' title='bbox 162 3414 266 3478; x_wconf 86' lang='lat' dir='ltr'><strong>vates</strong></span> <span class='ocrx_word' id='word_1_177' title='bbox 285 3399 344 3474; x_wconf 91' lang='lat' dir='ltr'><strong>vel</strong></span> <span class='ocrx_word' id='word_1_178' title='bbox 364 3408 623 3499; x_wconf 89' lang='lat' dir='ltr'><strong>portentorum</strong></span> <span class='ocrx_word' id='word_1_179' title='bbox 645 3405 855 3497; x_wconf 87' lang='lat' dir='ltr'><strong>spectator,</strong></span> <span class='ocrx_word' id='word_1_180' title='bbox 885 3396 1056 3489; x_wconf 83' lang='lat' dir='ltr'><strong>moriter,</strong></span> <span class='ocrx_word' id='word_1_181' title='bbox 1086 3396 1143 3472; x_wconf 85' lang='lat' dir='ltr'><strong>sin</strong></span> <span class='ocrx_word' id='word_1_182' title='bbox 1172 3422 1305 3500; x_wconf 86' lang='lat' dir='ltr'><strong>expers</strong></span> <span class='ocrx_word' id='word_1_183' title='bbox 1324 3398 1553 3485; x_wconf 85' lang='lat' dir='ltr'><strong>vaticinandi</strong></span> 
     </span>
     <span class='ocr_line' id='line_1_24' title="bbox 163 3518 1555 3624; baseline 0.002 -24"><span class='ocrx_word' id='word_1_184' title='bbox 163 3524 431 3602; x_wconf 85' lang='lat' dir='ltr'><strong>condemnatus</strong></span> <span class='ocrx_word' id='word_1_185' title='bbox 468 3522 579 3597; x_wconf 88' lang='lat' dir='ltr'><strong>fuerit</strong></span> <span class='ocrx_word' id='word_1_186' title='bbox 617 3521 806 3617; x_wconf 83' lang='lat' dir='ltr'><strong>veneficii,</strong></span> <span class='ocrx_word' id='word_1_187' title='bbox 831 3518 1013 3620; x_wconf 88' lang='lat' dir='ltr'><strong>judicium</strong></span> <span class='ocrx_word' id='word_1_188' title='bbox 1050 3521 1265 3616; x_wconf 84' lang='lat' dir='ltr'><strong>aestimato,</strong></span> <span class='ocrx_word' id='word_1_189' title='bbox 1294 3523 1383 3624; x_wconf 91' lang='lat' dir='ltr'><strong>quid</strong></span> <span class='ocrx_word' id='word_1_190' title='bbox 1419 3521 1555 3603; x_wconf 77' lang='lat' dir='ltr'><strong>debeat</strong></span> 
     </span>
     <span class='ocr_line' id='line_1_25' title="bbox 163 3647 563 3752; baseline -0.015 -24"><span class='ocrx_word' id='word_1_191' title='bbox 163 3651 240 3752; x_wconf 91' lang='lat' dir='ltr'><strong>pati</strong></span> <span class='ocrx_word' id='word_1_192' title='bbox 259 3649 318 3725; x_wconf 88' lang='lat' dir='ltr'><strong>vel</strong></span> <span class='ocrx_word' id='word_1_193' title='bbox 341 3647 563 3751; x_wconf 86' lang='lat' dir='ltr'><strong>dependere.</strong></span> 
     </span>
    </p>
   </div>
   <div class='ocr_carea' id='block_1_9' title="bbox 744 3762 975 3851">
    <p class='ocr_par' dir='ltr' id='par_1_10' title="bbox 744 3762 975 3851">
     <span class='ocr_line' id='line_1_26' title="bbox 744 3762 975 3851; baseline 0.004 -4"><span class='ocrx_word' id='word_1_194' title='bbox 744 3762 820 3847; x_wconf 80' lang='lat' dir='ltr'><strong>Ad</strong></span> <span class='ocrx_word' id='word_1_195' title='bbox 840 3767 975 3851; x_wconf 75' lang='lat'><strong>115⁷.</strong></span> 
     </span>
    </p>
   </div>
   <div class='ocr_carea' id='block_1_10' title="bbox 164 3924 1554 4409">
    <p class='ocr_par' dir='ltr' id='par_1_11' title="bbox 164 3924 1554 4409">
     <span class='ocr_line' id='line_1_27' title="bbox 272 3924 1554 4030; baseline 0.002 -17"><span class='ocrx_word' id='word_1_196' title='bbox 272 3933 458 4019; x_wconf 78' lang='lat' dir='ltr'><strong>Aristotel.</strong></span> <span class='ocrx_word' id='word_1_197' title='bbox 478 3930 630 4009; x_wconf 88' lang='lat' dir='ltr'><strong>Rhetor.</strong></span> <span class='ocrx_word' id='word_1_198' title='bbox 650 3931 700 4024; x_wconf 89' lang='lat' dir='ltr'><strong>H,</strong></span> <span class='ocrx_word' id='word_1_199' title='bbox 721 3931 756 4024; x_wconf 82' lang='grc'><strong>2,</strong></span> <span class='ocrx_word' id='word_1_200' title='bbox 776 3935 823 4004; x_wconf 80' lang='lat'><strong>5:</strong></span> <span class='ocrx_word' id='word_1_201' title='bbox 851 3932 917 4009; x_wconf 85' lang='lat' dir='ltr'><strong>Est</strong></span> <span class='ocrx_word' id='word_1_202' title='bbox 936 3933 1160 4009; x_wconf 87' lang='lat' dir='ltr'><strong>contumelia</strong></span> <span class='ocrx_word' id='word_1_203' title='bbox 1179 3924 1331 4030; x_wconf 79' lang='grc' dir='ltr'><strong>(ὕβρις)</strong></span> <span class='ocrx_word' id='word_1_204' title='bbox 1350 3935 1403 4011; x_wconf 86' lang='lat' dir='ltr'><strong>ita</strong></span> <span class='ocrx_word' id='word_1_205' title='bbox 1421 3961 1554 4015; x_wconf 88' lang='lat' dir='ltr'><strong>nocere</strong></span> 
     </span>
     <span class='ocr_line' id='line_1_28' title="bbox 165 4051 1554 4158; baseline 0.003 -19"><span class='ocrx_word' id='word_1_206' title='bbox 165 4074 201 4139; x_wconf 93' lang='lat' dir='ltr'><strong>et</strong></span> <span class='ocrx_word' id='word_1_207' title='bbox 219 4061 369 4139; x_wconf 87' lang='lat' dir='ltr'><strong>laedere</strong></span> <span class='ocrx_word' id='word_1_208' title='bbox 396 4051 601 4154; x_wconf 76' lang='grc' dir='ltr'><em>(βλάπτειν</em></span> <span class='ocrx_word' id='word_1_209' title='bbox 629 4057 698 4127; x_wconf 85' lang='grc' dir='ltr'><strong>καὶ</strong></span> <span class='ocrx_word' id='word_1_210' title='bbox 727 4057 903 4150; x_wconf 75' lang='grc' dir='ltr'><strong>λυπεῖν),</strong></span> <span class='ocrx_word' id='word_1_211' title='bbox 936 4069 977 4134; x_wconf 88' lang='lat' dir='ltr'><strong>ut</strong></span> <span class='ocrx_word' id='word_1_212' title='bbox 1004 4059 1097 4136; x_wconf 86' lang='lat' dir='ltr'><strong>alter</strong></span> <span class='ocrx_word' id='word_1_213' title='bbox 1121 4059 1329 4158; x_wconf 85' lang='lat' dir='ltr'><strong>ignominia</strong></span> <span class='ocrx_word' id='word_1_214' title='bbox 1348 4060 1554 4156; x_wconf 82' lang='lat' dir='ltr'><strong>afficiatur,</strong></span> 
     </span>
     <span class='ocr_line' id='line_1_29' title="bbox 165 4165 1554 4287; baseline -0.003 -23"><span class='ocrx_word' id='word_1_215' title='bbox 165 4214 241 4264; x_wconf 92' lang='lat' dir='ltr'><strong>non</strong></span> <span class='ocrx_word' id='word_1_216' title='bbox 260 4185 382 4287; x_wconf 90' lang='lat' dir='ltr'><strong>utqui</strong></span> <span class='ocrx_word' id='word_1_217' title='bbox 403 4183 494 4259; x_wconf 88' lang='lat' dir='ltr'><strong>facit</strong></span> <span class='ocrx_word' id='word_1_218' title='bbox 513 4185 750 4260; x_wconf 90' lang='lat' dir='ltr'><strong>commodum</strong></span> <span class='ocrx_word' id='word_1_219' title='bbox 769 4185 886 4261; x_wconf 91' lang='lat' dir='ltr'><strong>ullum</strong></span> <span class='ocrx_word' id='word_1_220' title='bbox 907 4165 952 4269; x_wconf 79' lang='lat' dir='ltr'><strong>eir</strong></span> <span class='ocrx_word' id='word_1_221' title='bbox 974 4211 1017 4260; x_wconf 91' lang='lat' dir='ltr'><strong>eo</strong></span> <span class='ocrx_word' id='word_1_222' title='bbox 1038 4196 1308 4287; x_wconf 82' lang='lat' dir='ltr'><strong>consequatur,</strong></span> <span class='ocrx_word' id='word_1_223' title='bbox 1328 4184 1393 4263; x_wconf 88' lang='lat' dir='ltr'><strong>sed</strong></span> <span class='ocrx_word' id='word_1_224' title='bbox 1414 4196 1455 4261; x_wconf 89' lang='lat' dir='ltr'><strong>ut</strong></span> <span class='ocrx_word' id='word_1_225' title='bbox 1473 4185 1554 4262; x_wconf 91' lang='lat' dir='ltr'><strong>libi-</strong></span> 
     </span>
     <span class='ocr_line' id='line_1_30' title="bbox 164 4307 605 4409; baseline -0.005 -23"><span class='ocrx_word' id='word_1_226' title='bbox 164 4313 241 4387; x_wconf 89' lang='lat' dir='ltr'><strong>dini</strong></span> <span class='ocrx_word' id='word_1_227' title='bbox 260 4336 347 4386; x_wconf 87' lang='lat' dir='ltr'><strong>suae</strong></span> <span class='ocrx_word' id='word_1_228' title='bbox 369 4307 605 4409; x_wconf 87' lang='lat' dir='ltr'><strong>obsequatur.</strong></span> 
     </span>
    </p>
   </div>
   <div class='ocr_carea' id='block_1_11' title="bbox 164 4453 1558 5162">
    <p class='ocr_par' dir='ltr' id='par_1_12' title="bbox 164 4453 1558 5162">
     <span class='ocr_line' id='line_1_31' title="bbox 272 4453 1556 4552; baseline 0.003 -24"><span class='ocrx_word' id='word_1_229' title='bbox 272 4453 599 4529; x_wconf 90' lang='lat' dir='ltr'><strong>Mosaicarum</strong></span> <span class='ocrx_word' id='word_1_230' title='bbox 637 4467 683 4530; x_wconf 88' lang='lat' dir='ltr'><strong>et</strong></span> <span class='ocrx_word' id='word_1_231' title='bbox 719 4455 1045 4530; x_wconf 88' lang='lat' dir='ltr'><strong>Romanarum</strong></span> <span class='ocrx_word' id='word_1_232' title='bbox 1094 4455 1278 4552; x_wconf 84' lang='lat' dir='ltr'><strong>Legum</strong></span> <span class='ocrx_word' id='word_1_233' title='bbox 1322 4454 1556 4533; x_wconf 82' lang='lat' dir='ltr'><strong>Collatio.</strong></span> 
     </span>
     <span class='ocr_line' id='line_1_32' title="bbox 164 4578 1556 4681; baseline 0 -23"><span class='ocrx_word' id='word_1_234' title='bbox 164 4583 239 4658; x_wconf 86' lang='lat' dir='ltr'><strong>Tit.</strong></span> <span class='ocrx_word' id='word_1_235' title='bbox 259 4581 307 4673; x_wconf 88' lang='lat'><strong>11,</strong></span> <span class='ocrx_word' id='word_1_236' title='bbox 328 4606 408 4679; x_wconf 89' lang='lat' dir='ltr'><strong>cap.</strong></span> <span class='ocrx_word' id='word_1_237' title='bbox 431 4581 485 4651; x_wconf 77' lang='lat' dir='ltr'><strong>b:</strong></span> <span class='ocrx_word' id='word_1_238' title='bbox 516 4578 754 4656; x_wconf 86' lang='lat' dir='ltr'><strong>Generaliter</strong></span> <span class='ocrx_word' id='word_1_239' title='bbox 783 4579 917 4655; x_wconf 89' lang='lat' dir='ltr'><strong>dicitur</strong></span> <span class='ocrx_word' id='word_1_240' title='bbox 944 4580 1079 4678; x_wconf 86' lang='lat' dir='ltr'><strong>injuria</strong></span> <span class='ocrx_word' id='word_1_241' title='bbox 1104 4605 1232 4673; x_wconf 84' lang='lat' dir='ltr'><strong>omne,</strong></span> <span class='ocrx_word' id='word_1_242' title='bbox 1262 4579 1363 4679; x_wconf 89' lang='lat' dir='ltr'><strong>quod</strong></span> <span class='ocrx_word' id='word_1_243' title='bbox 1382 4608 1458 4657; x_wconf 90' lang='lat' dir='ltr'><strong>non</strong></span> <span class='ocrx_word' id='word_1_244' title='bbox 1471 4583 1556 4681; x_wconf 86' lang='lat' dir='ltr'><strong>jure</strong></span> 
     </span>
     <span class='ocr_line' id='line_1_33' title="bbox 166 4697 1555 4807; baseline -0.002 -23"><span class='ocrx_word' id='word_1_245' title='bbox 166 4711 227 4804; x_wconf 76' lang='lat' dir='ltr'><strong>fit3</strong></span> <span class='ocrx_word' id='word_1_246' title='bbox 254 4705 464 4807; x_wconf 87' lang='lat' dir='ltr'><strong>specialiter</strong></span> <span class='ocrx_word' id='word_1_247' title='bbox 492 4705 584 4780; x_wconf 87' lang='lat' dir='ltr'><strong>alias</strong></span> <span class='ocrx_word' id='word_1_248' title='bbox 614 4704 859 4797; x_wconf 81' lang='lat' dir='ltr'><strong>contumelia,</strong></span> <span class='ocrx_word' id='word_1_249' title='bbox 890 4730 1001 4804; x_wconf 86' lang='lat' dir='ltr'><strong>quam</strong></span> <span class='ocrx_word' id='word_1_250' title='bbox 1033 4703 1168 4783; x_wconf 85' lang='lat' dir='ltr'><strong>Graeci</strong></span> <span class='ocrx_word' id='word_1_251' title='bbox 1197 4697 1314 4804; x_wconf 72' lang='grc' dir='ltr'>ὕβριν</span> <span class='ocrx_word' id='word_1_252' title='bbox 1343 4705 1555 4806; x_wconf 78' lang='lat' dir='ltr'><strong>appellant,</strong></span> 
     </span>
     <span class='ocr_line' id='line_1_34' title="bbox 166 4813 1558 4932; baseline -0.003 -22"><span class='ocrx_word' id='word_1_253' title='bbox 166 4834 257 4911; x_wconf 85' lang='lat' dir='ltr'><strong>alias</strong></span> <span class='ocrx_word' id='word_1_254' title='bbox 276 4831 406 4932; x_wconf 86' lang='lat' dir='ltr'><strong>culpa,</strong></span> <span class='ocrx_word' id='word_1_255' title='bbox 436 4856 548 4929; x_wconf 89' lang='lat' dir='ltr'><strong>quam</strong></span> <span class='ocrx_word' id='word_1_256' title='bbox 579 4830 715 4907; x_wconf 86' lang='lat' dir='ltr'><strong>Graeci</strong></span> <span class='ocrx_word' id='word_1_257' title='bbox 744 4824 918 4925; x_wconf 73' lang='grc' dir='ltr'><em>ἀδίκημα</em></span> <span class='ocrx_word' id='word_1_258' title='bbox 948 4830 1094 4920; x_wconf 86' lang='lat' dir='ltr'><strong>dicunt,</strong></span> <span class='ocrx_word' id='word_1_259' title='bbox 1123 4813 1226 4907; x_wconf 84' lang='lat' dir='ltr'><strong>sicut</strong></span> <span class='ocrx_word' id='word_1_260' title='bbox 1245 4831 1283 4905; x_wconf 91' lang='lat' dir='ltr'><strong>in</strong></span> <span class='ocrx_word' id='word_1_261' title='bbox 1302 4817 1387 4930; x_wconf 83' lang='lat' dir='ltr'><strong>lege</strong></span> <span class='ocrx_word' id='word_1_262' title='bbox 1409 4829 1558 4928; x_wconf 78' lang='lat' dir='ltr'><strong>Aquilia</strong></span> 
     </span>
     <span class='ocr_line' id='line_1_35' title="bbox 167 4956 1557 5058; baseline -0.002 -24"><span class='ocrx_word' id='word_1_263' title='bbox 167 4959 342 5034; x_wconf 87' lang='lat' dir='ltr'><strong>damnum</strong></span> <span class='ocrx_word' id='word_1_264' title='bbox 372 4957 530 5057; x_wconf 88' lang='lat' dir='ltr'><strong>injuriae</strong></span> <span class='ocrx_word' id='word_1_265' title='bbox 559 4958 761 5058; x_wconf 88' lang='lat' dir='ltr'><strong>accipitur,</strong></span> <span class='ocrx_word' id='word_1_266' title='bbox 796 4959 889 5035; x_wconf 87' lang='lat' dir='ltr'><strong>alias</strong></span> <span class='ocrx_word' id='word_1_267' title='bbox 928 4957 1104 5057; x_wconf 83' lang='lat' dir='ltr'><strong>iniquitas</strong></span> <span class='ocrx_word' id='word_1_268' title='bbox 1144 4971 1181 5034; x_wconf 91' lang='lat' dir='ltr'><strong>et</strong></span> <span class='ocrx_word' id='word_1_269' title='bbox 1217 4956 1418 5058; x_wconf 82' lang='lat' dir='ltr'><strong>injustitia,</strong></span> <span class='ocrx_word' id='word_1_270' title='bbox 1447 4981 1557 5055; x_wconf 75' lang='lat' dir='ltr'><strong>quam</strong></span> 
     </span>
     <span class='ocr_line' id='line_1_36' title="bbox 167 5075 649 5162; baseline -0.006 -2"><span class='ocrx_word' id='word_1_271' title='bbox 167 5083 301 5162; x_wconf 79' lang='lat' dir='ltr'><strong>Graeci</strong></span> <span class='ocrx_word' id='word_1_272' title='bbox 323 5075 484 5153; x_wconf 79' lang='grc' dir='ltr'><strong>ἀδικίαν</strong></span> <span class='ocrx_word' id='word_1_273' title='bbox 504 5095 649 5158; x_wconf 87' lang='lat' dir='ltr'><strong>vocant.</strong></span> 
     </span>
    </p>
   </div>
   <div class='ocr_carea' id='block_1_12' title="bbox 0 0 1734 5790">
    <p class='ocr_par' dir='ltr' id='par_1_13' title="bbox 0 0 1734 5790">
     <span class='ocr_line' id='line_1_37' title="bbox 0 0 1734 5790; baseline 0 0"><span class='ocrx_word' id='word_1_274' title='bbox 0 0 1734 5790; x_wconf 95' lang='lat' dir='ltr'><strong> </strong></span> 
     </span>
    </p>
   </div>
  </div>
 </body>
</html>
