3436 5790
159 352 238 429 424
535 372 843 426 consenseramus
863 372 916 424 an
935 369 980 424 ιο.
1001 368 1045 425 rs.
1065 370 1111 425 so.
1131 371 1176 425 ss.

268 565 533 666 phigalenses,
570 592 682 665 quum
713 563 888 641 heroibus
918 591 1025 643 sacra
1055 566 1263 656 faciebant,
1302 564 1550 668 epulabantur

161 719 289 772 omnes
312 720 396 772 cum
416 692 543 770 servis.
574 689 882 788 (Athenaeus
910 689 976 788 IV,
1000 692 1107 787 148.)

764 901 841 987 Ad
866 904 950 987 40.

267 1068 401 1150 Pollux
420 1070 505 1167 VII,
528 1071 599 1149 13:
627 1070 738 1166 Quod
757 1096 858 1148 nnnc
876 1069 1024 1148 dicunt:
1054 1096 1183 1148 servos
1210 1070 1465 1149 venditionem
1484 1095 1549 1171 pe·

159 1208 238 1281 tere
258 1191 418 1294 (πρᾶσιν
436 1197 591 1293 αἰτεῖν),
618 1197 658 1273 in
676 1195 938 1299 Aristophanis
955 1197 1071 1274 Horis
1087 1197 1258 1275 invenire
1276 1196 1384 1273 licet:

266 1322 360 1405 Mihi
378 1324 561 1428 optimum
578 1323 726 1421 videtur
744 1324 784 1401 in
802 1322 941 1401 Thesei
958 1323 1139 1426 templum
1159 1322 1385 1422 confugere,

267 1450 413 1551 Ibique,
433 1475 552 1552 usque
570 1448 661 1526 dum
678 1449 934 1527 venditionem
951 1449 1161 1526 invenimus
1180 1473 1343 1526 manere.

269 1576 1013 1677 LucisnDeorumDialogi24.
1043 1573 1551 1677 Mercurius2tlamplane

163 1705 354 1781 confectus
383 1702 548 1778 animum
576 1701 780 1803 despondi:
809 1713 921 1804 atque
951 1701 1063 1797 adeo,
1093 1702 1125 1778 si
1152 1702 1242 1786 mihi
1262 1702 1421 1783 facultas
1440 1700 1550 1796 foret,

161 1826 392 1930 perlibenter
410 1824 579 1926 equidem
599 1825 865 1926 postulaverim
884 1826 1014 1921 vendi,
1048 1838 1099 1902 ut
1126 1827 1174 1904 in
1201 1827 1355 1904 terris
1383 1827 1551 1903 solent

162 1955 244 2055 qui
274 1954 448 2029 malam
475 1952 774 2029 servitutem
801 1952 1041 2030 serviunt.

268 2077 411 2176 Legem
439 2075 537 2153 hanc
565 2077 718 2155 retinuit
746 2088 784 2155 et
805 2078 868 2181 jus
897 2104 1259 2180 graeco-romanum.
1300 2076 1346 2154 V.
1375 2074 1551 2155 Zacha-

161 2203 265 2282 riae
294 2227 316 2277 a
343 2201 672 2303 Lingenthal:
701 2203 815 2281 Liber
838 2202 1023 2305 juridicus
1052 2201 1312 2305 alphabeticus
1341 2204 1420 2281 sive
1440 2230 1550 2306 syno-

161 2328 238 2432 psis
257 2329 379 2405 minor
398 2329 569 2433 (Lipsiae
591 2329 726 2424 1856.)
753 2358 790 2433 p,
810 2330 861 2430 68
882 2325 921 2433 b.
941 2330 1002 2407 31.
1031 2319 1184 2418 ’Ἔξεστι
1204 2338 1283 2414 τοῖς
1302 2323 1457 2412 δούλοις
1474 2328 1552 2426 βα-

162 2456 386 2551 ρυνομένοις
415 2447 581 2553 ἀμέτρως
609 2444 687 2529 dud
714 2448 793 2529 coir
817 2448 1014 2528 δεσποτῶν
1034 2459 1280 2557 προστρέχειν
1297 2462 1379 2539 ταῖς
1396 2455 1552 2553 βασιλι-

162 2587 251 2666 ναῖς
261 2577 422 2669 στήλαις,
439 2582 508 2653 καὶ
520 2584 646 2670 ζητεῖν
664 2581 872 2654 πωλεῖσθαι
893 2573 984 2678 πρός
1004 2572 1146 2666 ἄλλους
1165 2575 1266 2680 ααροὶ
1276 2575 1553 2655 τῶντοιούτων

163 2701 368 2785 δεσποτῶν.
397 2707 550 2800 (Liceat
568 2708 706 2802 servis,
735 2732 830 2807 quos
848 2708 927 2783 heri
946 2708 1216 2786 ultramodum
1235 2716 1432 2810 premunt,
1462 2734 1550 2785 con·

162 2833 295 2930 fugere
314 2830 362 2907 ad
382 2834 503 2933 regias
522 2834 714 2910 columnas
742 2844 780 2909 et
806 2814 1006 2935 peterent
1031 2833 1080 2911 ab
1107 2834 1322 2936 hujusmodi
1349 2832 1450 2911 heris
1469 2834 1552 2912 aliis

162 2955 411 3051 vendantur.)

770 3058 848 3142 Ad
873 3061 956 3145 40.
1026 3100 1029 3105 ·

271 3223 396 3301 Schol.
424 3225 463 3300 in
488 3223 722 3326 Aristophan.
742 3227 937 3326 Lysistrat.
961 3226 1058 3302 184:
1089 3227 1136 3299 Ol
1165 3222 1341 3324 δημόσιοι
1369 3217 1552 3341 ὑπηρέται

165 3344 242 3423 ἀπό
262 3347 327 3437 τῆς
346 3342 509 3446 ἀρχαίας
522 3345 692 3447 χρήσεως
710 3346 876 3424 Σκύθαι
905 3355 974 3424 καὶ
1003 3349 1158 3440 τοξόται
1185 3351 1414 3432 καλοῦνται.
1453 3355 1549 3450 (Pa-

165 3476 253 3556 blici
272 3477 369 3555 servi
389 3476 436 3552 ab
456 3476 608 3577 antiquo
626 3502 695 3554 usu
713 3475 876 3581 Scythae
895 3488 933 3553 et
952 3477 1133 3577 sagittarii
1154 3483 1367 3572 vocantur.)
1427 3480 1430 3487 '

765 3685 951 3772 asso.
1090 3645 1093 3650 ’

274 3855 408 3933 Suidas
427 3883 454 3932 s.
475 3883 510 3931 v.
529 3849 705 3944 τοξόταις
734 3855 873 3958 publici
897 3857 1076 3951 ministri,
1105 3858 1278 3935 custodes
1297 3859 1419 3953 urbis,
1449 3858 1552 3935 mille

166 4005 340 4074 numero,
361 3983 423 4080 qui
444 3980 531 4056 olim
551 3982 588 4056 in
606 3980 861 4057 tabernaculis
879 3981 917 4055 in
937 3981 1063 4058 medio
1080 3983 1162 4059 foro
1182 3984 1290 4060 factis
1308 3985 1553 4080 habitabant;

166 4118 299 4209 postea
324 4132 415 4182 vero
443 4107 483 4180 in
501 4104 742 4207 Areopagum
769 4107 1006 4182 transierunt.
1044 4108 1094 4183 Hi
1121 4119 1244 4186 autem
1263 4108 1497 4187 vocabantur
1514 4121 1554 4186 et

167 4220 331 4334 Scythae
360 4244 397 4309 et
425 4232 632 4334 Speusinii‚
670 4259 693 4309 a
723 4231 907 4335 Speusino
926 4233 1100 4333 .qu0dam
1127 4236 1284 4336 antiquo
1311 4237 1553 4335 magistratu,

168 4359 231 4457 qui
250 4357 417 4434 ordinem
435 4357 583 4434 illorum
601 4357 770 4435 instituit.

274 4480 440 4559 Primum
476 4483 625 4560 nonnisi
663 4484 819 4561 trecenti
856 4485 1002 4562 fuerant
1030 4484 1193 4589 Scythae
1229 4488 1431 4585 sagittarii,
1461 4513 1554 4589 quos

169 4607 453 4688 Atheniensium
490 4610 703 4712 respublica
728 4623 889 4688 emerat.
937 4609 1192 4704 (Antocid.
1220 4613 1274 4690 de
1303 4640 1422 4714 pace
1449 4641 1554 4692 cum

170 4734 342 4812 Laced.
372 4732 458 4836 §.fa
482 4746 519 4812 et
547 4734 773 4814 Aeschin.
802 4735 857 4813 de
885 4738 1009 4813 male
1037 4745 1181 4837 gesta
1206 4737 1358 4837 legat.
1388 4736 1553 4840 §.1733

616 4909 619 4920 ’
766 4945 950 5030 sess.

279 5109 396 5222 Apud
406 5112 722 5194 Lacedaemonios
739 5139 935 5194 censuram
952 5140 1094 5215 marum
1114 5115 1278 5197 habebat
1294 5128 1446 5201 senatuis
1466 5122 1553 5224 (ye-
