3436 5790
229 333 332 440 ’624
610 368 917 425 counaurnsuus
935 366 989 421 an
1011 368 1089 424 4444.
1111 367 1189 424 uos.
1211 367 1289 424 4444.

829 592 904 676 Μ
927 595 1071 678 1444.

360 761 513 864 Gajus
533 762 574 837 L.
595 760 660 839 IV.
681 756 737 837 ad
756 760 847 859 leg.
867 760 953 839 XII.
973 758 1140 836 tabat:
1162 755 1639 835 Sciendumestinactione

255 887 382 964 finium
411 885 663 986 regundorum
692 884 781 963 iliud
810 884 1090 962 observandum
1110 909 1211 977 esse,
1241 881 1341 981 quod
1360 880 1409 958 ad
1429 879 1640 981 exemplum

253 1011 526 1113 quodammodo
546 1013 626 1114 ejus
644 1012 739 1110 legis
758 1011 939 1111 scriptum
961 1020 1038 1104 est,
1069 1034 1181 1111 quam
1200 1006 1352 1087 Athenis
1372 1005 1489 1084 Solon
1507 1004 1642 1081 dicitur

252 1137 401 1234 tulisse3
428 1162 516 1213 nam
534 1136 607 1212 illic
626 1137 678 1212 ita
697 1146 772 1210 est:
792 1192 800 1211 .
823 1193 830 1210 .
851 1191 859 1208 .
879 1127 949 1207 ἐὰν
967 1125 1119 1228 τάφρον
1138 1124 1163 1222 ἢ
1180 1127 1335 1231 βόθρον
1354 1125 1520 1228 ὀρύττῃ,
1547 1122 1642 1202 ὅσον

253 1254 297 1334 ad
315 1255 446 1357 βάθος
463 1251 510 1356 ᾗ,
539 1256 730 1334 τοσοῦτον
758 1253 999 1332 ἀπολείπειν·
1030 1259 1167 1332 ἐλαίαν
1191 1253 1230 1332 δὲ
1250 1250 1275 1346 ἢ
1293 1251 1420 1345 συκῆν
1439 1259 1551 1331 ἐννέα
1570 1250 1640 1327 πό-

254 1381 321 1470 δας
349 1378 426 1460 ἀπὸ
455 1381 526 1460 τοῦ
560 1379 768 1481 ἀλλοτρίου
796 1378 1001 1478 φυτεύειν,
1030 1378 1077 1455 τοὶ
1104 1378 1144 1458 δὲ
1163 1374 1264 1458 ἄλλα
1285 1377 1553 1485 δένδραντὲντε
1569 1377 1641 1454 τό·

254 1507 331 1596 δας.
360 1509 420 1607 (si
439 1512 579 1589 fossam
597 1511 657 1587 vel
677 1511 847 1587 scrobem
868 1508 1024 1602 foderit,
1054 1518 1194 1612 quanta
1213 1510 1260 1585 sit
1280 1508 1538 1611 profunditas,
1557 1519 1636 1585 tan-

253 1650 333 1714 tum
352 1637 400 1714 ab
419 1638 542 1714 alieno
562 1638 683 1715 distet.
722 1637 855 1713 Oleam
884 1660 973 1713 vero
992 1648 1057 1714 aut
1076 1639 1189 1713 ticum
1207 1660 1342 1712 novem
1361 1633 1500 1737 pedum
1520 1634 1640 1735 spatio

253 1790 277 1839 a
295 1763 419 1840 vicino
439 1760 556 1838 fundo
574 1771 722 1863 oportet
742 1760 929 1862 plantare,
959 1762 1051 1839 alias
1071 1771 1195 1839 autern
1220 1763 1372 1838 arbores
1392 1760 1559 1861 quinque
1577 1784 1638 1859 pe·

254 1888 343 1965 dum
362 1889 516 1989 spatio.)

833 1989 909 2073 M
928 1991 1072 2074 mo.

362 2158 405 2234 In
419 2154 502 2258 jure
521 2155 706 2251 Romano,
728 2155 847 2250 viam,
867 2156 956 2251 iter,
977 2165 1122 2251 actum,
1142 2153 1435 2256 aquaeductum,
1458 2155 1520 2256 qui
1540 2154 1640 2229 bien·

255 2281 317 2357 nio
335 2307 423 2358 usus
442 2306 519 2355 non
539 2290 613 2374 est,
643 2279 807 2355 amisisse
829 2276 997 2375 videtur;
1026 2306 1096 2356 nec
1116 2280 1215 2357 enim
1234 2306 1278 2356 ca
1295 2280 1450 2382 usucapi
1470 2289 1635 2381 possunt,

256 2431 350 2507 quae
379 2431 455 2482 non
482 2399 620 2480 utendo
650 2406 877 2480 amittuntur.
910 2447 961 2477 -.
989 2403 1156 2481 Servitus
1184 2401 1410 2482 hauriendae
1440 2403 1641 2506 aquaevel

255 2528 446 2607 ducendae
465 2529 616 2607 biennio
635 2530 772 2605 omissa
790 2528 994 2625 intercidit,
1026 2539 1061 2605 et
1080 2529 1233 2606 biennio
1252 2541 1431 2630 usurpata
1451 2530 1637 2632 recipitur.

256 2655 418 2748 (Pauli
445 2665 563 2733 sent.
592 2657 620 2750 I,
652 2654 735 2747 ¹7.)

830 2757 1068 2842 Ad1407.

364 2924 403 3001 Si
422 2927 504 3027 quis
532 2950 719 3005 servorum
751 2927 977 3026 aufugisset,
1005 2927 1176 3005 dominus
1194 2953 1272 3002 non
1291 2927 1412 3002 solum
1431 2926 1512 3027 ipse
1533 2950 1640 3000 cona·

257 3050 366 3126 batur
384 3050 487 3127 illum
506 3076 653 3152 capere,
674 3050 737 3126 sed
758 3061 795 3126 et
813 3052 906 3160 alios
926 3052 1071 3128 solebat
1090 3077 1261 3149 evocare,
1281 3051 1492 3128 mercedem
1511 3053 1640 3128 inven-

256 3175 366 3249 tionis
386 3174 466 3276 ejus
485 3176 684 3276 praeconio
704 3175 941 3254 denuntians.
961 3172 1123 3273 Σῶστρα
1144 3166 1434 3273 ἀνακηρύσσων.
1466 3175 1526 3270 (Χ
1538 3202 1557 3251 4
1569 3203 1641 3251 no·

257 3297 396 3398 phou.
426 3298 579 3376 Memor.
608 3301 655 3396 ΙΙ,
679 3301 738 3396 10,
760 3303 816 3394 2.)

363 3445 407 3519 Iu
426 3442 637 3546 hujusmodi
656 3448 857 3548 praeconio
878 3446 1050 3525 solebant
1070 3444 1210 3526 domini
1234 3445 1445 3525 describere
1466 3446 1641 3548 fugitivo·

258 3596 338 3647 rum
357 3594 510 3662 nomen,
540 3572 700 3670 patriam
720 3582 757 3647 et
777 3583 895 3649 notas.
934 3572 1075 3672 Tangit
1100 3574 1200 3650 hunc
1228 3597 1369 3651 morem
1396 3572 1643 3649 Lucienus

258 3694 444 3794 (Fugitivi
464 3694 568 3786 27.);
598 3693 663 3794 ,Si
683 3700 764 3797 quis
782 3698 1010 3799 mancipium
1030 3698 1371 3802 Paphlagonicum,
1392 3696 1438 3773 de
1459 3696 1643 3801 Sinopen·

256 3821 359 3898 sibus
378 3819 568 3917 barbaris,
597 3821 747 3900 nomine
774 3825 839 3900 tali
868 3823 968 3924 quod
995 3823 1043 3901 ab
1072 3823 1248 3902 habendo
1277 3822 1428 3900 ductum
1458 3834 1516 3901 est
1534 3826 1589 3922 (4.
1608 3850 1641 3924 g.

258 3940 440 4035 Κτήσων,
461 3939 704 4036 Κτήσιππος,
724 3941 965 4046 Εὐκτήμων,
988 3944 1276 4048 Πολύκτητος),
1306 3948 1573 4052 suppallidum,
1599 3946 1644 4026 ad

256 4084 381 4150 cutem
407 4071 622 4169 detonsum,
652 4073 771 4152 barba
797 4074 962 4177 prolixa,
991 4074 1155 4154 indicare
1185 4075 1395 4154 conditione
1424 4100 1538 4174 quam
1566 4075 1644 4177 ipse

258 4197 415 4295 dixerit,
433 4199 593 4278 voluerit
612 4200 803 4280 accedat.“
932 4260 936 4267 .

365 4342 487 4422 Etiam
513 4344 554 4420 in
581 4343 724 4423 Moschi
751 4343 886 4448 Idyllio
914 4349 976 4427 I·o
1003 4348 1161 4447 legimus
1189 4345 1370 4451 ejusmodi
1387 4346 1645 4448 praeconium

258 4466 386 4547 Venus
405 4468 506 4547 enim
523 4469 576 4547 ibi
595 4470 790 4550 inclamat:
820 4472 886 4572 ,si
913 4475 995 4573 quis
1018 4474 1056 4551 in
1076 4473 1194 4551 triviis
1214 4482 1401 4551 errantem
1420 4468 1515 4550 vidit
1533 4469 1644 4549 Amo·

258 4618 357 4689 rem,
372 4592 565 4692 fugitivus
590 4621 695 4673 meus
724 4608 790 4674 est.
827 4596 946 4677 Iudex
978 4600 1185 4700 praemium
1213 4596 1376 4676 habebit.
1415 4595 1561 4674 Merces
1579 4595 1647 4673 tibi

259 4717 329 4796 erit
356 4720 524 4827 osculum
552 4717 721 4797 Veneris.
758 4720 798 4799 si
827 4749 918 4802 vero
947 4722 1148 4801 adduxeris
1172 4724 1318 4826 ipsum,
1346 4721 1459 4801 etiam
1477 4721 1562 4823 plus
1582 4721 1645 4798 ha·

257 4842 375 4923 betis.
412 4845 480 4923 mr
506 4857 630 4924 autem
658 4869 752 4947 puer
778 4849 955 4951 insignis,
985 4875 1142 4951 corpore
1170 4850 1249 4948 igni
1273 4849 1424 4961 similis,
1453 4848 1551 4925 oculi
1568 4847 1648 4948 ejus

257 4981 348 5047 runt
362 4993 487 5065 44444,
503 4970 622 5079 oratip
640 4973 784 5072 suavis,
811 4986 925 5076 caput
941 4974 1096 5087 pulchre
1115 4975 1386 5071 cincinnatum,
1411 4997 1545 5051 manus
1564 4998 1646 5076 par·

426 5095 446 5139 a
