3436 5790
539 415 732 467 succusso
750 414 774 462 s
792 414 1054 466 sssssusnuo.
1415 389 1508 463 359:

110 602 208 693 ὅπως
228 600 279 680 δν
296 610 427 700 ἐθέλῃ,
457 600 508 680 ἂν
522 600 576 701 μὴ
597 601 725 688 παῖδες
746 593 813 676 ὦσι
832 599 981 704 γνήσιοι
1002 594 1171 701 ἄρρενες,
1200 595 1251 676 ἂν
1265 599 1319 697 μη
1336 601 1492 700 μανιῶν

109 727 270 836 ἢγήρως
290 726 313 821 ἢ
331 731 548 828 φαρμάκων
571 725 592 819 ii
612 725 729 804 νόσου
749 735 893 818 ἕνεκεν,
924 723 946 818 ἢ
965 734 1122 831 γυναικί
1142 724 1384 824 πειθόμενος,
1410 720 1488 802 ὑπὸ

109 855 259 931 τούτων
287 885 358 930 του
387 854 641 954 παρανομῶν,
673 848 696 944 ἢ
725 845 789 928 ὑπ’
820 850 1010 958 ἀνάγκης,
1040 849 1062 945 ἢ
1088 845 1166 931 ὑπὸ
1195 852 1337 952 δεσμοῦ
1367 883 1491 948 κατα,-

108 986 280 1077 ληφθείς.
409 983 621 1079 (Demosth.
641 984 679 1057 in
701 982 879 1084 Stephsn.
901 985 947 1077 ΙΙ,
970 983 1082 1060 1133.
1103 985 1182 1061 Lex
1202 983 1383 1074 Solonis.)

742 1144 855 1218 1399.

216 1288 438 1390 Quicunque
467 1314 542 1364 non
573 1288 738 1390 adoptati
768 1288 1007 1382 fuerant,·iis
1027 1313 1111 1382 sua,
1141 1288 1193 1362 ita
1221 1299 1261 1362 ut
1284 1313 1353 1363 nec
1377 1290 1492 1390 impe-

108 1415 184 1491 dita
212 1417 286 1491 sint
313 1441 382 1490 nec
403 1415 549 1515 judicio
574 1416 613 1490 in
633 1442 678 1490 ea
697 1425 849 1512 agetur,
880 1440 994 1514 quum
1013 1412 1128 1489 Solon
1149 1415 1406 1511 magistratum
1424 1416 1492 1491 ini·

108 1554 183 1631 ret,
213 1540 339 1639 legare
368 1568 435 1617 sno
464 1541 646 1619 arbitratu
673 1540 803 1633 liceat,
835 1540 906 1615 nisi
925 1538 1060 1617 liberos
1083 1539 1267 1637 genuinos
1285 1565 1407 1617 mares
1427 1540 1490 1616 ha-

108 1670 240 1762 beant,
270 1667 339 1742 nisi
353 1666 441 1766 'quis
460 1666 648 1742 furoribus
672 1677 737 1741 aut
764 1667 868 1747 senio
898 1677 961 1742 aut
990 1665 1171 1742 veneficio
1199 1674 1263 1739 aut
1281 1668 1411 1740 morbo
1430 1681 1494 1742 aut

107 1793 272 1868 mulieris
301 1793 560 1894 persvasione‚
589 1792 718 1867 harum
745 1793 870 1892 aliqua
900 1818 1011 1869 eausa
1039 1791 1218 1882 delirans
1249 1803 1313 1867 aut
1331 1793 1490 1870 necessi-

107 1928 181 1994 tate
201 1928 266 1992 uut
286 1915 445 1992 vinculis
464 1917 738 1994 circumventus
758 1918 815 1994 sit.

206 2214 260 2292 “0
278 2249 312 2293 τι
333 2213 385 2294 ὃν
404 2224 571 2325 γνησίων
590 2212 716 2295 ὅντων
737 2217 831 2295 υίῶν
860 2210 882 2296 ὁ
911 2216 1033 2317 πατὴρ
1061 2217 1265 2311 διαθῆται,
1294 2217 1364 2295 ἐὰν
1393 2217 1494 2296 ἀττα-

110 2342 283 2420 θάνωσιν
302 2349 338 2420 oi
360 2349 450 2433 υἱεῖς
470 2351 560 2444 πρίν
578 2351 638 2421 ε’πί
659 2343 775 2430 δίετες
796 2335 915 2442 ἡβᾶν,
943 2340 1014 2435 την
1032 2343 1105 2418 του
1133 2341 1271 2441 πατρὸς
1299 2342 1506 2436 διαθήκην.

106 2475 250 2571 κυρίαν
269 2470 378 2551 εἶναι.
686 2474 899 2565 (Demosth.
920 2474 957 2547 in
978 2472 1156 2575 Stephan.
1178 2474 1225 2566 li,
1249 2471 1384 2562 1136.)

748 2634 861 2709 1400.

214 2782 404 2881 Quidquid
434 2792 541 2884 pater
569 2758 759 2879 germanis
789 2780 873 2855 filiis
893 2776 1155 2880 superstitibus
1174 2786 1398 2854 testamento
1411 2780 1491 2879 jus-

107 2909 214 2999 serit,
244 2908 274 2981 si
294 2909 455 2984 obierint
474 2908 558 3002 filii,
589 2908 808 3008 pn'usquam
836 2933 902 3009 per
929 2905 1124 2982 biennium
1151 2903 1310 3003 puberes
1334 2903 1492 2998 sinerint,

107 3043 372 3109 testamentum
390 3034 507 3135 patris
526 3044 644 3110 rutum
664 3045 753 3108 estu.

746 3176 859 3251 1401.

217 3311 320 3395 Οὔτε
340 3319 549 3395 διαθέσθαι
569 3312 659 3395 οὕτε
679 3317 819 3394 δουναι
840 3314 972 3392 οὐδενί
1003 3311 1119 3391 οὐδὲν
1148 3318 1264 3406 ἔξεστι
1294 3313 1373 3388 τῶν
1400 3318 1491 3388 ἑαυ-

108 3446 176 3521 τοῦ
207 3438 301 3521 ἄνευ
330 3445 407 3519 τῶν
437 3451 681 3549 θυγατέρων,
711 3441 779 3520 ἐάν
807 3473 861 3528 τις
888 3437 1114 3516 καταλιπών
1140 3443 1295 3543 γνησίας
1324 3438 1490 3540 τελευτᾷ.

764 3577 915 3667 (Isaeus
934 3572 980 3648 de
1000 3573 1130 3673 Pynn.
1150 3572 1226 3648 her.
1247 3568 1279 3672 ξ.
1301 3571 1383 3662 42.)

746 3736 859 3810 1401.

213 3880 358 3974 Quibus
378 3880 475 3956 filiae
495 3889 582 3956 sunt
600 3880 806 3978 legitimae,
836 3904 966 3956 eorum
986 3880 1077 3956 nulli
1097 3878 1184 3956 lieet
1202 3879 1387 3957 bonorum
1405 3902 1488 3979 par-

108 4018 182 4082 tem
203 4006 312 4082 alicui
333 4005 422 4082 dare
444 4006 504 4081 vel
522 4005 648 4105 legare
668 4003 738 4081 nisi
758 4030 842 4080 sum
862 4003 1019 4081 filiabus

744 4172 858 4248 1402.

218 4311 298 4389 Τὸν
317 4303 546 4391 ὑπεύθυνον
560 4309 613 4410 μὴ
634 4312 842 4389 διαθέσθαι
860 4310 907 4388 τοὶ
926 4311 1078 4388 ἑαυτοῦ.

785 4440 980 4537 (Aeschin.
1001 4442 1039 4516 in
1059 4439 1223 4540 Ctesiph.
1244 4435 1276 4541 ξ.
1297 4439 1380 4531 21.)

654 4630 661 4643 ·
746 4603 857 4681 1402.

214 4733 278 4825 Ei,
299 4732 543 4831 quitationes
563 4730 693 4826 debet,
714 4756 761 4807 ne
780 4731 1170 4809 liueattestamentum
1189 4729 1319 4807 facere.

744 4890 857 4969 1403.

218 5036 280 5134 Tq]
305 5031 360 5131 μη
390 5032 548 5120 δικαίως
577 5036 707 5130 ἔχοντι
735 5029 825 5111 οὐδὲ
846 5032 1093 5110 διατίθεσθαι
1114 5041 1195 5135 περί
1215 5031 1347 5111 αὐτῶν
1367 5059 1484 5134 τρασ-

110 5156 199 5256 140·
766 5165 913 5261 (lessus
932 5162 977 5243 de
996 5162 1151 5246 Aristar.
1171 5164 1248 5242 her.
1270 5159 1303 5263 ξ.
1323 5165 1380 5256 8.)
