3404 5782
699 425 762 477 ms
779 422 990 478 PUBLYGUM·

788 630 900 709 1290.

259 774 552 880 Amphictyones
570 775 768 854 Cirrhaeos
788 785 824 852 et
843 770 1062 874 Gragnlidas
1086 775 1170 877 (qui
1190 789 1228 854 et
1245 776 1448 882 templum
1465 781 1551 859 Del·

152 902 303 1004 phicum
329 913 367 979 et
396 927 490 1003 quae
518 903 558 978 in
586 927 629 979 eo
649 910 756 977 erant
775 899 929 976 donaria
948 901 1152 998 violarunt,
1181 903 1373 1006 simulque
1395 904 1549 1010 Amphi·

152 1041 328 1131 ctyonum
348 1028 506 1105 concilio
525 1027 679 1130 injurias
697 1022 921 1115 intulerunt)
941 1027 1216 1128 omnitempore
1236 1029 1546 1135 dies'noctesque

151 1155 254 1232 bello
271 1165 419 1249 vexent,
439 1152 668 1254 direptisque
687 1175 818 1228 eornm
836 1149 972 1228 finibus
991 1151 1155 1252 ipsisque
1173 1154 1214 1232 in
1232 1157 1465 1237 servitutem
1484 1161 1544 1236 alr

152 1281 319 1376 stractis,
348 1305 458 1378 agros
485 1279 569 1356 illos
597 1275 773 1378 Apolloni
797 1275 952 1376 Pythio,
981 1274 1144 1375 Dianae,
1174 1279 1370 1379 Latonae,
1404 1281 1540 1362 Miner·

151 1430 220 1482 vae
240 1405 452 1498 Pronaeae,
481 1405 578 1480 utin
597 1412 822 1503 perpetuum
843 1402 972 1479 inculti
1001 1403 1095 1498 sint,
1124 1419 1372 1505 consecrent,
1405 1435 1539 1511 eosque

151 1557 272 1631 neque
289 1532 363 1634 ipsi
382 1532 527 1626 colant,
556 1553 678 1629 neque
698 1529 745 1605 ab
764 1527 838 1605 alio
856 1528 929 1606 coli
947 1531 1145 1631 patiantur.

788 1724 901 1804 1291.

259 1869 310 1944 Εἴ
325 1899 381 1955 τις
406 1865 497 1943 τάδε
525 1867 757 1967 παραβαίνοι
778 1861 802 1959 ἢ
821 1865 928 1955 πόλις
956 1863 981 1960 ἢ
1007 1867 1154 1962 ἰδιώτης
1179 1866 1369 1964 lidron,
1402 1871 1533 1981 ἐναγῆς

152 1997 245 2070 ἔστω
263 1993 337 2069 τοῦ
358 1990 605 2078 ’Λπόλλωνος
625 1991 776 2083 καὶτῆς
798 1987 1023 2093 Ἀρτέμιδος
1042 2001 1111 2070 καί
1129 1995 1281 2088 Λητοῦς
1309 2005 1386 2076 καί
1411 1998 1532 2092 Ἀθη-

151 2120 220 2209 νοῖς
243 2123 452 2219 Προναίας.
481 2126 559 2193 Καί
577 2114 808 2213 ἐπεύχεσθαι
829 2114 963 2206 αὐτοῖς
976 2119 1071 2218 μήτε
1089 2120 1163 2225 γῆν
1188 2121 1368 2224 καρπούς
1397 2133 1532 2227 φέρειν,

146 2244 241 2345 μήτε
259 2255 448 2351 γυναῖκας
466 2249 583 2321 τέκνα
601 2250 748 2318 τίκτειν
765 2243 947 2348 γονεῦσιν
965 2241 1120 2320 ἐοικότα
1140 2243 1237 2323 ἀλλὰ
1257 2254 1424 2351 τέρατα,
1444 2247 1531 2351 μηδὲ

150 2368 379 2471 βοσκήματα
405 2367 508 2446 κατὰ
537 2366 658 2465 φύσιν
683 2366 802 2473 γονὰς
832 2377 1047 2460 ποιεῖσθαι,
1078 2361 1195 2464 ἧτταν
1214 2372 1253 2451 δὲ
1273 2368 1418 2465 αὐτοῖς
1443 2373 1531 2452 εἶναι

151 2501 319 2597 πολέμου
338 2502 406 2572 καί
427 2493 549 2571 δικῶν
567 2501 636 2571 καὶ
655 2492 821 2600 ἀγορῶν,
840 2501 910 2571 καί
929 2494 1075 2588 ἐξώλεις
1093 2494 1190 2572 εἶναι
1208 2504 1278 2574 καί
1298 2497 1454 2590 ariundo
1470 2507 1531 2577 καί

152 2627 281 2711 οἰκίας
317 2630 387 2700 καί
423 2629 531 2727 γένος
567 2619 611 2699 τὸ
649 2627 820 2703 ἐκείνων.
860 2629 936 2698 Καὶ
967 2620 1111 2722 μήποτε
1149 2615 1263 2714 ὁσίως
1294 2625 1530 2728 θύσαιεντῴ

146 2745 362 2823 Ἀπόλλωνι
385 2747 480 2847 μηδὲ
509 2747 556 2844 τῇ
578 2744 772 2847 Ἀρτέμιδι
797 2747 890 2846 μηδὲ
917 2746 963 2846 τῇ
993 2754 1114 2840 Λητοῖ
1133 2747 1219 2842 ιιηδ’
1242 2746 1408 2855 Ἀθηνᾷ
1429 2760 1531 2854 Προ-

153 2878 267 2972 ναίᾳ,
291 2871 386 2971 μηδὲ
406 2872 578 2963 δέξαιντο
597 2870 729 2961 αὐτοῖς
747 2871 793 2949 τέ
814 2874 904 2975 ἱερά.

605 2999 799 3095 (Aeschin.
819 3029 850 3081 c.
870 3001 1103 3105 ctesiphont
1124 3000 1157 3107 ξ.
1179 3006 1432 3103 110-112.)

742 3202 744 3208 ‘
787 3200 901 3279 1291.

260 3346 300 3428 Si
320 3344 402 3446 quis
421 3345 513 3424 haec
532 3345 747 3443 violaverit,
776 3348 1026 3446 siveoivitas,
1054 3350 1133 3429 sive
1150 3349 1343 3450 privatus,
1371 3351 1455 3450 sive
1472 3378 1529 3428 na·

152 3478 224 3571 tic,
254 3485 366 3576 caput
394 3475 475 3575 ejus
503 3473 686 3574 Apollini,
714 3476 878 3570 Dianae,
909 3474 1096 3567 Latonae,
1124 3475 1320 3555 Minervae
1339 3475 1528 3558 Pronoeae

153 3603 332 3680 devotum
349 3611 441 3676 esto.
478 3599 766 3701 imprecandum
783 3602 826 3677 iis
845 3625 976 3702 porro,
1004 3612 1046 3678 ut
1075 3625 1197 3700 neque
1225 3600 1319 3702 ipsis
1339 3614 1446 3681 terra
1462 3604 1529 3680 fru-

154 3739 254 3804 ctum
272 3727 388 3822 ferat,
417 3751 538 3825 neque
562 3725 741 3825 conjuges
769 3752 897 3803 eorum
914 3726 1053 3802 liberos
1072 3726 1289 3828 parentibus
1309 3727 1456 3807 similes
1473 3726 1530 3806 sed

152 3862 327 3960 portenta
344 3849 553 3944 enitantur,
578 3873 699 3950 neque
731 3850 892 3952 pecudes
921 3851 1042 3928 foetus
1071 3852 1260 3931 naturales
1289 3850 1432 3949 edant,
1459 3865 1529 3930 ute

151 3979 273 4072 bello,
302 3975 504 4076 ejudiciis,
534 4000 554 4049 e
575 3975 657 4050 foro
686 3974 772 4050 victi
796 3975 990 4054 discedant
1009 3988 1047 4052 et
1064 3976 1320 4054 internecione
1340 3976 1531 4058 deleantur

153 4116 191 4179 et
208 4103 279 4204 ipsi
307 4112 344 4177 et
369 4100 481 4177 aedes
509 4111 547 4176 et
573 4124 692 4200 genus
720 4100 902 4200 ipsorum,
932 4127 1052 4203 neque
1081 4128 1244 4203 unquam
1272 4099 1448 4205 Apollini
1475 4116 1529 4183 aut

152 4230 298 4306 Dianae
326 4238 391 4304 aut
417 4225 584 4305 Latonae
612 4237 677 4304 aut
694 4224 883 4305 Minervae
902 4229 1095 4305 Pronaeae
1123 4239 1250 4305 sancte
1274 4229 1449 4330 libante,
1476 4257 1528 4308 ne·

154 4377 226 4454 que
245 4352 458 4430 numinibus
476 4352 549 4429 illis
568 4377 696 4429 eorum
716 4376 823 4430 sacra
838 4365 992 4454 accepta
1009 4365 1129 4430 sunto
