3436 5790
464 393 712 459 vocrionno.
734 412 767 427 -·
786 393 961 451 naamon
981 394 1164 445 enarrari.
1426 371 1508 462 228

764 585 854 660 891.

229 713 478 813 vectigalium
508 714 781 814 redemptores,
812 711 842 785 si
868 712 1066 813 pecuniam
1086 738 1162 789 non
1181 713 1382 807 solverint,
1409 713 1503 791 mul·

123 851 269 918 crentur
288 839 445 917 vinculis
466 851 504 917 ot
522 838 627 941 dupli
646 837 840 915 solutione.

768 998 859 1074 892.

229 1127 306 1198 Καί
325 1120 372 1198 τοὶ
393 1120 772 1223 προσκαταβλήματα
794 1118 887 1207 τούς
911 1118 966 1218 μη
995 1126 1171 1208 τιθέντας
1190 1123 1309 1218 κυρία
1327 1127 1405 1196 ἐστι
1425 1118 1505 1196 δεῖν

125 1244 294 1350 ἦβθϋλὴ·
353 1246 356 1253 ⁴
775 1250 988 1343 (Demosth.
1009 1250 1047 1325 in
1065 1248 1267 1325 Timocrat.
1287 1249 1398 1342 731.)

769 1413 858 1488 892.

229 1540 353 1616 Etiam
372 1565 456 1637 eor,
486 1539 548 1639 qui
576 1538 805 1641 adjeotiones
835 1566 912 1620 non
941 1537 1143 1635 solverint,
1172 1534 1357 1618 vinciendi
1376 1543 1501 1615 auoto-

124 1668 270 1744 ritatem
288 1664 425 1745 habeat
442 1674 605 1744 senatus.

718 1910 832 2004 Μέρος
857 1912 906 1980 δ’.

639 2034 991 2130 Δερματικόα

563 2398 787 2467 Pellium
824 2401 1062 2488 pretium.

769 2564 857 2641 893.

228 2710 286 2784 Ae
298 2735 444 2804 ηματι
458 2704 552 2781 κόν
579 2713 656 2782 ἐστι
676 2701 720 2780 τὸ
740 2710 787 2782 εἰν
814 2703 894 2782 τῶν
912 2701 1125 2805 ὃερματίων
1142 2702 1221 2778 τῶν
1239 2708 1501 2800 πιπρασκομέ-

125 2863 202 2911 νων
220 2829 541 2938 περιγιγνόμενον
560 2827 755 2937 ἀργύριον.
1096 2829 1396 2937 (Harpocratio.)

770 2993 860 3070 899.

229 3139 388 3218 Pellium
406 3139 566 3243 pretium
585 3148 640 3217 est
658 3138 830 3243 pecunia,
849 3164 871 3218 e
887 3138 1049 3240 pellibus
1069 3163 1207 3214 venum
1226 3134 1323 3213 datis
1342 3135 1501 3215 redacta

769 3299 858 3376 894.

232 3439 430 3539 Πρόσοδοί
458 3445 556 3517 εἰσιν
583 3446 630 3515 ἐκ
656 3438 727 3515 τοῦ
758 3436 1011 3539 δίρματιιιοῦ·
1040 3445 1087 3516 ε’·ιι·
1112 3441 1329 3514 Διονυσίων
1354 3435 1434 3512 τῶν
1461 3441 1504 3512 ίν

124 3572 319 3666 Περιαιεί,
339 3573 386 3643 ἐκ
406 3568 623 3642 Διονυσίων
640 3562 720 3640 τῶν
737 3570 781 3641 ἕν
800 3567 980 3665 Ληναίῳ,
1005 3570 1052 3641 ἐκ
1070 3563 1133 3655 τῆς
1153 3567 1291 3653 θυσίας
1309 3592 1355 3661 τῃ
1377 3556 1503 3666 Ἀγα-

126 3692 177 3789 θῇ
205 3689 326 3789 τύχη,
365 3698 404 3783 ἐξ
429 3688 731 3784 Ἀσκληπιείων,
770 3699 816 3767 ἐκ
854 3694 1071 3767 Διονυσίων
1106 3693 1183 3766 τῶν
1218 3697 1261 3767 ἐν
1298 3683 1425 3778 ἄστει,
1463 3693 1502 3778 ἐξ

117 3813 399 3917 ’01υμιιιείων,
430 3825 475 3893 ἐκ
494 3817 557 3908 τῆς
579 3821 716 3905 θυσίας
734 3815 789 3916 τῷ
811 3807 934 3917 Ἐρμῇ
963 3815 1020 3916 τῴ
1049 3807 1264 3919 ἡγεμονίη),
1293 3821 1340 3892 ἐκ
1363 3810 1504 3890 Βενδι-

125 3942 239 4033 afer,
269 3951 316 4019 ἐκ
343 3944 408 4034 τῆς
438 3948 576 4031 θυσίας
606 3943 660 4043 τῷ
680 3947 750 4019 Διῒ
767 3940 823 4043 τῷ
840 3942 1013 4042 Σωτῆρι,
1047 3949 1092 4018 ἐκ
1111 3941 1176 4032 τῆς
1197 3945 1337 4029 θυσίας
1364 3938 1411 4039 τῇ
1432 3944 1503 4015 Εί-

123 4068 237 4166 onon,
277 4076 323 4144 ἐκ
351 4068 412 4161 τῆς
444 4073 579 4160 θησίας
606 4061 886 4168 afflinem,
926 4074 972 4145 ἐκ
1000 4068 1319 4159 Παναθηναίων,
1356 4071 1404 4143 ἐκ
1438 4064 1504 4159 τῆς

125 4200 262 4283 θυσίας
281 4194 325 4292 τῇ
342 4192 517 4295 ’Δήμητρι
536 4199 604 4270 καί
623 4193 668 4291 τῇ
690 4201 729 4269 K
728 4191 796 4293 όρῃ
814 4191 859 4291 τῇ
881 4197 1033 4294 Δαείρηι.

230 4322 396 4426 (Corpus
416 4323 580 4424 inscript„
603 4348 656 4423 gr.
677 4323 756 4399 Nro
777 4322 886 4417 157.;
914 4332 952 4398 et
979 4320 1159 4399 Boeokhii
1179 4318 1339 4399 Staat'sh.
1360 4322 1395 4399 d.

660 4447 795 4526 Athen.
815 4447 923 4525 Tom.
942 4448 989 4525 Π.
1010 4476 1046 4549 p.
1067 4447 1155 4543 119,
1178 4447 1265 4544 130,
1290 4447 1395 4543 136.)

766 4607 856 4684 894.

228 4754 404 4830 Reditum
431 4754 613 4853 praebent
642 4781 661 4831 e
690 4752 846 4857 pellium
872 4753 1016 4853 pretio:
1053 4753 1236 4856 Dionysia
1272 4756 1311 4834 in
1348 4755 1502 4849 Piraeo,

122 4880 303 4980 Dionysia
321 4881 358 4954 in
378 4879 547 4972 Lenaee,
576 4879 797 4956 sacrificium
814 4881 943 4956 Bonae
962 4880 1171 4978 Fortunae,
1200 4881 1336 4958 festum
1364 4878 1503 4959 Aescu·

123 5006 231 5106 lapii,
258 5006 442 5105 Dionysia
471 5006 635 5098 urbana,
669 5006 889 5084 sacrificium
916 5006 956 5082 in
985 5008 1123 5109 templo
1155 5004 1264 5084 Jovis
1294 5005 1501 5109 Olympici,

121 5129 340 5208 sacrificium
369 5129 563 5227 Mercurii,
603 5131 685 5209 viae
714 5132 834 5234 duois,
876 5134 1012 5214 festum
1039 5132 1336 5230 aerariorum,
1361 5132 1500 5220 sacrifi·

1246 5256 1287 5330 ¹⁵
