3436 5790
781 397 841 446 JUS
860 394 1072 446 PUBLICUM.

817 597 1032 699 Τμῆμαίί.

614 750 765 845 Περὶ
812 741 1232 844 ἀδικημάτων.

847 906 1006 920 mmmmm

828 998 1019 1076 Sectioss.

726 1145 802 1220 De
848 1143 1125 1219 delictis.

874 1327 979 1343 Μ

841 1441 952 1533 Μέρος
975 1439 1018 1510 α’.

562 1571 825 1647 Κατάλυσις
858 1560 938 1649 τῆς
972 1568 1294 1662 δημοκρατίας.

559 1927 777 2000 ΙΕεοτείο
809 1928 990 2016 imperii
1026 1925 1269 2016 popularis.

872 2093 987 2169 1025.

336 2231 432 2314 Ἐάν
451 2265 505 2322 τις
525 2234 790 2336 δημοκρατίαν
808 2232 984 2331 καταλύῃ
1002 2230 1075 2323 τήν
1088 2229 1318 2329 Ἀθήνῃσιν,
1350 2228 1373 2324 ἢ
1392 2228 1517 2330 ἀρχὴν
1535 2259 1625 2307 τινα

234 2351 334 2456 ἀρχῃ
354 2365 658 2460 καταλελυμένης
686 2361 749 2452 τῆς
778 2358 1057 2460 δημοκρατίας,
1087 2361 1264 2457 πολέμιος
1285 2361 1378 2433 ἐστω
1393 2353 1627 2448 Ἀθηναίων

235 2490 303 2558 καί
323 2491 474 2575 νηποινί
494 2485 690 2575 τεθνάτω,
720 2491 788 2560 καί
809 2482 856 2559 τά
871 2483 1051 2582 χρήματα
1081 2479 1204 2558 αὐτοῦ
1226 2479 1387 2582 δημόσια
1408 2486 1525 2571 ἴστω,
1554 2489 1625 2557 καί

234 2610 298 2699 τῆς
318 2611 416 2686 θεοῦ
437 2608 481 2685 τό
501 2610 747 2687 ἐπιδέκατον·
778 2602 798 2685 ὁ
830 2608 868 2684 δὲ
899 2607 1131 2697 ἀποκτείνας
1159 2605 1230 2684 τόν
1258 2608 1380 2684 ταῦτα
1412 2607 1626 2700 ποιήσαντα

235 2727 640 2835 καίόσυμβσυλεύσας
660 2731 764 2822 ὅσιος
775 2737 869 2809 ἐότω
883 2741 951 2810 καί
972 2731 1124 2839 εύαμης.
1148 2729 1311 2832 Ὀμόσαι
1333 2731 1366 2808 δ’
1382 2730 1628 2826 Ἀθηναίους

235 2857 407 2947 ἅπαντας
443 2867 541 2935 καθ’
579 2859 691 2958 ίερών
728 2865 903 2948 τελείων,
942 2857 1043 2934 κατά
1073 2855 1193 2955 φυλάς
1220 2863 1291 2936 καί
1319 2855 1421 2935 κατά
1459 2856 1626 2958 δίημους,

237 2982 485 3061 ἀποκτείνειν
502 2983 574 3061 τόν
591 2983 714 3060 ταῦτα
735 2981 955 3075 ποιήσαντα.
979 2977 1033 3060 ‘0
1051 2984 1089 3061 δὲ
1110 2982 1226 3085 ὅρκος
1245 2986 1339 3059 ἐστω
1359 2979 1434 3061 ὅδε.

345 3110 504 3211 ᾖΚτενώ
530 3112 575 3206 τῃ
605 3109 775 3209 ἐμαυτοῦ
801 3115 926 3207 χειρί,
954 3105 1005 3185 ἀν
1030 3107 1191 3196 δυνατός
1211 3101 1263 3199 ώ,
1293 3101 1334 3196 ίίς
1354 3104 1406 3184 ἀν
1423 3109 1627 3209 καταλύσῃ

236 3234 307 3327 την
335 3234 598 3337 δημοκρατίαν
625 3234 697 3328 την
720 3232 929 3329 Ἀθήνησι,
968 3242 1037 3311 καί
1066 3235 1135 3312 ἐάν
1163 3266 1217 3322 τις
1246 3227 1344 3333 ἀρξῃ
1380 3233 1468 3311 τινὰ
1497 3233 1628 3334 ἀρχὴν

237 3364 538 3460 καταλελυμένης
557 3361 619 3452 τῆς
639 3359 896 3461 δημοκρατίας
910 3358 958 3436 τό
979 3359 1138 3450 λοιπόν,
1168 3366 1236 3435 καί
1255 3359 1325 3438 ἐάν
1343 3392 1399 3448 τις
1417 3373 1628 3463 τυραννεῖν

238 3487 428 3584 ἐπαναστῇ
458 3481 482 3578 ἢ
512 3484 587 3563 τόν
622 3485 819 3586 τύραννον
856 3487 1159 3592 συγκαταστήσῃ.
1197 3493 1274 3562 Καί
1311 3486 1379 3564 ἐάν
1416 3519 1470 3575 τις
1508 3481 1629 3576 ἀλλος

239 3611 472 3709 ἀποκτείνῃ,
501 3609 613 3689 ὅσιον
640 3609 764 3689 αὐτόν
794 3613 916 3712 νομιώ
944 3611 1043 3689 εἶναι
1062 3619 1130 3687 καί
1149 3608 1243 3712 πρός
1275 3612 1378 3689 θεῶν
1395 3618 1464 3688 καί
1485 3611 1629 3714 δαιμό·

239 3765 339 3827 νων,
368 3730 419 3826 ώς
447 3744 631 3838 πολέμιον
658 3743 866 3815 κτείναντα
895 3738 972 3813 τών
1005 3735 1256 3829 Ἀθηναίων,
1286 3743 1353 3812 καί
1380 3735 1428 3813 τά
1448 3737 1629 3839 κτήματα

241 3863 315 3939 τοῦ
351 3859 627 3951 ἀποθανόντος
662 3862 786 3939 πάντα
824 3859 1063 3961 ἀποδόμενος
1101 3858 1286 3937 ἀποδώσω
1323 3861 1369 3937 τά
1399 3855 1535 3962 ἡμίσεα
1571 3867 1629 3967 τῷ

241 3985 538 4080 ἀποκτείναντι,
566 3995 636 4089 καί
666 3986 745 4065 οῦκ
764 3987 1005 4089 ἀποστερήσω
1026 3986 1152 4067 οὐδὲν.
1187 3984 1284 4064 Ἐὰν
1312 3988 1353 4064 δέ
1378 4020 1432 4076 τις
1460 3996 1629 4073 κτείνων

240 4112 328 4190 τινὰ
347 4113 495 4192 τούτων
513 4111 699 4212 ἀποθάνῃ
719 4109 744 4205 ἢ
761 4114 984 4213 ἐπιχειρῶν,
1014 4107 1060 4190 εὖ
1079 4112 1221 4205 ποιήσω
1245 4110 1370 4190 αὐτόν
1386 4144 1427 4190 τε
1445 4120 1516 4193 καί
1535 4115 1628 4206 τούς

243 4238 376 4327 παῖδας
412 4238 503 4329 τούς
539 4246 695 4317 ἐκείνου
719 4239 899 4338 καθάπερ
911 4233 1125 4338 Ἁρμόδιόν
1153 4269 1193 4315 τε
1221 4245 1290 4314 καί
1314 4236 1630 4344 Ἀριστογείτονα

243 4371 311 4440 καί
331 4363 422 4454 τούς
441 4364 658 4470 ἀπογόνους
687 4364 828 4448 αὐτόν.
860 4359 1024 4443 Ὁπόσοι
1056 4365 1093 4442 δι’
1124 4361 1238 4465 ὅρκοι
1263 4363 1482 4464 ὀμώμονται
1498 4364 1630 4461 Ἀθὴ-

245 4515 354 4579 νησιν
382 4486 404 4581 ἢ
432 4498 474 4568 ἐν
501 4493 555 4592 τῷ
584 4491 825 4593 στρατοπίδῳ
843 4488 867 4584 ἢ
885 4485 1032 4567 ἀλλοθί
1056 4521 1131 4568 που
1158 4496 1330 4568 ἐναντίοι
1347 4492 1405 4592 τῷ
1424 4490 1532 4596 δήμῳ
1551 4494 1630 4574 τών

240 4612 487 4707 Ἀθηναίων,
516 4615 594 4695 λύω
613 4625 681 4694 καί
702 4614 878 4717 ἀφίημι.“

357 4743 487 4820 Ταῦτα
508 4745 545 4822 δὲ
566 4741 792 4845 ὀμοσάντων
815 4741 1025 4833 Ἀθηναῖοι
1045 4742 1181 4830 πάντες
1200 4751 1297 4820 καθ’
1316 4743 1430 4842 ίερών
1447 4750 1627 4839 τελείων,

247 4866 316 4944 τόν
335 4868 501 4969 νόμιμον
520 4868 663 4971 ὅρκον,
694 4867 764 4967 πρό
792 4873 1026 4945 Διονυσίων·
1055 4875 1124 4943 καί
1144 4867 1374 4965 ἐπεύχεσθαι
1394 4867 1630 4972 εὐορκοῦντι

244 4997 318 5091 μίν
346 4993 441 5071 εἶναι
471 4994 593 5073 πολλὰ
622 5002 689 5071 καί
719 4992 876 5098 ἀμαθά,
905 4995 1154 5094 ἐπιορκοῦντι
1184 4994 1218 5069 δ’
1246 4993 1361 5086 ἐξώλη
1386 4991 1511 5072 αὐτόν
1529 4997 1630 5075 εἶναι

248 5127 315 5197 καί
335 5128 453 5227 γένος.
817 5123 1019 5218 (Andocid.
1039 5124 1084 5201 de
1105 5137 1255 5227 myster.
1275 5120 1308 5226 ξ.
1330 5126 1520 5219 96-98.)
