3436 5790
461 434 771 488 rouunsrunms
790 433 843 484 55
863 426 924 485 sss.
945 431 1007 488 555.
1029 430 1091 489 555.
1111 432 1172 488 555.
1193 432 1255 488 555.
1476 412 1553 491 1811

755 639 831 722 Ad
861 639 966 724 515.

271 806 448 883 Ρ1551155;
481 799 745 900 Καλλαντὴρια
764 807 833 876 καὶ
857 800 1078 901 Πλυντήρια
1102 808 1227 901 ἑορταὶ
1248 806 1426 908 γίνονται
1452 811 1552 904 Θαρ-

163 929 347 1035 γηλιῶνος
369 924 511 1026 μηνὸς,
551 925 665 1024 ἐνάτῃ
688 932 763 1025 μὲν
792 933 852 1003 ἐπὶ
884 927 976 1003 δέκα
1008 927 1292 1027 Καλλαντὴρια,
1329 928 1482 1031 δευτέρᾳ
1513 930 1551 1008 δὲ

163 1061 381 1152 φθίνοντος
401 1050 448 1127 τοὶ
472 1050 703 1150 Πλυντήρια.
746 1051 801 1126 Tol
826 1056 900 1151 piu
924 1051 1168 1152 Πλυντήρια,
1200 1051 1262 1128 51ιά
1284 1052 1355 1131 τὸν
1375 1052 1552 1133 θάνατον

164 1178 226 1271 τῆς
254 1176 476 1282 Ἀγραύλου
505 1174 612 1263 ἐντὸς
650 1176 830 1252 ἐνιαυτοῦ
857 1175 911 1275 μὴ
943 1179 1166 1269 ττλυνθῆναι
1203 1181 1386 1270 ἐσθῆτας·
1426 1178 1474 1255 τοὶ
1513 1179 1550 1256 δὲ

167 1301 451 1399 Καλλιιντὴρια,
481 1297 540 1376 ὅτι
562 1300 685 1399 πρώτη
706 1295 725 1393 ἦ
749 1296 968 1406 ’Ἄγραυλος
985 1309 1169 1408 γενομένη
1189 1306 1300 1402 ἱέρεια
1321 1303 1411 1392 τούς
1434 1304 1552 1394 θεοὺς

163 1429 357 1528 ἐκόσμησε,
389 1431 639 1531 (Onllynteria
658 1444 694 1506 51
712 1431 907 1533 Plynteria
925 1433 1020 1509 festa
1039 1433 1271 1510 celebrantur
1289 1460 1417 1511 mense
1436 1435 1551 1509 Thar-

163 1560 333 1659 3511555,
365 1568 400 1632 51
429 1558 579 1657 quidem
610 1557 840 1660 Oallynteria
870 1559 1133 1650 decimonono,
1164 1561 1359 1660 Plyuteria
1385 1587 1474 1637 vero
1494 1587 1549 1634 se-

163 1684 287 1759 cundo
307 1683 508 1758 desinentis
529 1683 667 1757 mensis
687 1682 756 1756 5115.
797 1683 989 1782 Plynteria
1009 1684 1261 1771 celebrantur,
1292 1686 1378 1785 quia
1398 1696 1552 1787 propter

163 1823 319 1884 mortem
343 1808 495 1906 Agrauli
523 1835 598 1882 uuo
628 1834 725 1882 anno
754 1835 830 1882 uon
850 1808 1076 1885 lavabantur
1096 1809 1320 1885 vestimenta
1338 1811 1549 1906 Minervae,
1643 1898 1648 1909 Ι

163 1933 390 2033 Callynteria
409 1946 553 2027 5551555,
575 1934 671 2033 ‘quia
691 1931 850 2033 primum
875 1933 1077 2030 Agraulus,
1107 1935 1203 2010 15515
1222 1935 1415 2030 sacerdos,
1443 1961 1550 2011 orna-

162 2060 216 2134 vit
235 2058 388 2133 deorum
408 2058 636 2146 simulacra.)

753 2176 828 2258 Ad
858 2179 963 2260 521.

270 2344 404 2421 Suidas
433 2371 460 2419 5.
480 2371 515 2418 v.
544 2343 692 2436 Σκίρας
703 2372 714 2412 .·
744 2342 849 2418 Scira
874 2343 913 2418 in
941 2344 1122 2419 honorem
1152 2343 1341 2421 Minervae
1371 2348 1550 2424 celebrari

162 2472 351 2562 solebant,
389 2495 461 2570 quo
491 2482 659 2570 tempore
687 2495 755 2568 per
784 2495 968 2542 summum
998 2481 1142 2542 aestum
1171 2469 1337 2545 homines
1367 2457 1549 2549 umbellas

163 2589 377 2692 (σκιάδεια)
397 2593 635 2692 quaerebant.
666 2595 797 2687 Σκίρα
817 2595 916 2667 55155
935 2593 1108 2668 5115555155
1126 2594 1323 2669 umbellas.
1363 2595 1437 2671 Alii
1457 2623 1549 2674 vero

162 2722 360 2798 55515555
388 2744 468 2794 5555
495 2746 643 2795 causam
671 2719 823 2793 tradunt
850 2719 915 2794 5551
934 2745 958 2794 5
975 2719 1144 2793 Minerva
1174 2730 1367 2817 repetunt,
1398 2746 1548 2819 quame
1604 2726 1609 2730 ’

161 2861 260 2924 terra
279 2846 367 2922 51155
385 2844 554 2921 Theseus
583 2844 733 2938 1555511,
763 2871 845 2920 oum
873 2846 993 2920 occiso
1014 2845 1226 2921 Minotauro
1252 2843 1401 2920 domum
1420 2845 1548 2920 rediis-

162 2983 228 3049 set.
267 2971 397 3065 Σκὶρα
417 2971 516 3045 enim
535 2982 633 3044 terra
651 2969 737 3045 alba
756 2982 830 3057 551,
858 2982 898 3045 551
917 2997 1068 3071 gypsus.
1099 2969 1172 3047 Alii
1190 2981 1315 3045 155555
1336 2996 1548 3069 cognomen

160 3098 232 3173 hoc
251 3124 273 3172 a
292 3096 397 3172 Sciro
419 3096 608 3171 Eleusiuio
638 3107 722 3171 vate
752 3107 944 3196 repetunt3
972 3097 1034 3170 alii
1055 3123 1077 3169 5
1097 3094 1222 3188 Scire,
1252 3096 1314 3196 qui
1333 3098 1371 3172 15
1386 3097 1550 3175 .85155551-.

162 3249 249 3298 nem
268 3224 421 3296 colonos
442 3220 647 3297 deduxerit.

748 3340 824 3424 Ad
846 3343 961 3424 52³.

269 3508 401 3584 Suidas
421 3536 448 3583 s.
469 3534 503 3583 v.
527 3501 790 3602 ’Appnrpopr'as
819 3507 905 3581 inde
927 3507 1079 3601 51151155,
1109 3509 1208 3609 quod
1230 3512 1393 3606 virgines
1413 3538 1549 3587 arcana

160 3659 266 3711 sacra
294 3633 386 3708 51555
415 3634 453 3706 15
481 3634 580 3708 cistis
601 3633 789 3721 ferebant3
817 3631 884 3706 sed
906 3621 1161 3727 Ἕροεῳορία,
1192 3635 1547 3730 511515555515Η5555,

161 3760 339 3860 Cecropis
360 3759 453 3854 filia,
483 3759 541 3834 cui
561 3784 736 3859 pompam
756 3756 953 3833 ducebant.

746 3984 822 4067 Ad
843 3986 959 4068 525.

268 4154 456 4230 Potiorem
485 4153 600 4229 fuisse
629 4179 736 4227 usum
771 4151 876 4228 verbi
914 4154 1140 4246 ἐρρρφοριῑν
1167 4178 1279 4250 quam
1316 4145 1548 4250 ἀρρηφοριῖν
1624 4215 1627 4219 ,

160 4279 328 4357 ostendit
348 4304 392 4354 ex
417 4278 720 4378 inscriptionibus
749 4277 885 4353 Keil:
906 4275 1074 4353 Attische
1095 4277 1211 4353 Kulte
1231 4279 1546 4365 ausluschriften.

160 4407 226 4499 (In
245 4404 444 4503 Philologo
464 4403 714 4502 Gottingensi.
736 4404 842 4479 Tom.
862 4403 1006 4479 XXIII.
1029 4402 1164 4494 1865.)

267 4531 324 4608 Of.
346 4532 460 4607 etiam
479 4531 759 4607 Mommsen:
790 4529 1041 4627 Heortologie.
1073 4529 1229 4629 Leipzig
1251 4527 1363 4606 1864.

744 4756 821 4842 Ad
845 4757 960 4841 553.

269 4908 401 4987 suidas
430 4935 457 4981 5.
477 4934 511 4983 v.
540 4907 730 5002 Στρατιιά
750 4909 794 4980 ἐν
810 4914 890 4990 τοῖς
915 4901 1138 5000 ἐπωνύμοις.
1178 4904 1294 5000 Sunt,
1324 4907 1443 5006 inquit
1462 4905 1544 4981 Ari·

160 5035 310 5114 stoteles
328 5037 368 5110 in
390 5031 673 5109 Atheniensium
690 5033 918 5132 Republica,
949 5033 1136 5135 Eponymi
1165 5031 1295 5108 decem
1313 5031 1462 5131 quidem
1481 5033 1544 5106 tri·

159 5165 295 5255 buum,
325 5161 398 5237 dno
427 5184 516 5236 vero
546 5169 583 5236 et
611 5159 858 5261 quadraginta
885 5169 1060 5235 aetatum.
1107 5155 1374 5236 Adolescentes
1401 5167 1543 5250 autem,

1265 5278 1331 5344 31*
