3436 5790
391 431 393 434 ’
452 420 614 477 εεοιτοε
633 422 849 476 munaum
872 426 1136 480 rvnmconvm.
1405 394 1483 470 219

742 617 836 693 869.

211 759 523 839 Administrentur
552 759 742 835 Minervae
772 760 952 861 pecuniae
972 763 1010 837 in
1031 762 1163 839 dextra
1181 770 1286 865 parte
1305 755 1488 862 Opistho··

104 887 225 984 domi,
245 888 472 990 reliquorum
491 896 614 962 autem
633 884 788 963 deorum
805 887 846 965 in
866 886 1023 964 sinistra.

666 1132 670 1139 .
746 1065 836 1143 8702

204 1203 445 1281 Ἀποδοῦναι
472 1214 551 1291 τοῖς
581 1211 686 1290 θεοῖς
713 1202 759 1279 τά
783 1202 962 1303 χρήματα
994 1202 1039 1278 τοί
1070 1201 1321 1302 ὀφειλόμενα,
1357 1197 1482 1292 ἐπειδη

105 1333 150 1429 τῇ
163 1328 360 1430 Ἀθηνοίίᾳ
380 1327 425 1403 τοί
445 1334 636 1428 τρισχίλια
655 1329 824 1405 τάλαντα
843 1326 1121 1435 ἀνενηνεγκται
1140 1337 1176 1416 ἐς
1196 1327 1321 1418 πόλιν,
1342 1320 1367 1401 όί
1386 1325 1484 1427 ἑψη-

106 1483 240 1555 φιστο,
269 1459 504 1556 νομίσματος
525 1448 735 1552 ἡμεδαποῦ.

205 1594 459 1677 Ἀποδιδόναι
487 1596 524 1674 δὲ
553 1594 630 1673 ἀπὸ
659 1598 737 1674 των
758 1596 987 1698 χρηαάτων,
1025 1591 1051 1673 όί
1079 1605 1114 1685 ἐς
1152 1593 1345 1675 άπόὸοσίν
1380 1603 1484 1673 εὀτιν

108 1738 184 1815 τοῖς
205 1733 310 1815 θεοῖς
329 1731 587 1825 ἐψηφισμένα,
616 1724 663 1800 τά
685 1757 723 1803 τε
743 1723 844 1825 παρά
864 1739 942 1814 τοῖς
959 1719 1278 1825 Ἔλληνοταμίαις
1297 1716 1392 1798 ὅντα
1410 1721 1495 1800 νῦν.

110 1858 175 1928 καί
194 1845 316 1928 τᾶλλα
335 1846 361 1925 ά
380 1857 456 1928 ε’στι
477 1849 628 1927 τούτων
654 1850 734 1929 τῶν
746 1849 976 1951 χρημάτων,
1004 1857 1075 1928 καί
1093 1848 1140 1928 τά
1160 1858 1207 1929 εἰς
1225 1849 1287 1942 τῆς
1307 1845 1464 1938 δεκάτης
1475 1904 1485 1937 ,

109 1974 261 2055 ἐπειδάν
280 1975 425 2075 πραθῇ.

211 2098 474 2205 Λογισάσθων
502 2100 540 2177 δὲ
570 2104 606 2176 οί
635 2107 831 2207 λογισταί,
861 2105 897 2177 οί
925 2101 1158 2201 τριάκοντα,
1187 2105 1294 2201 οἵπερ
1315 2100 1411 2190 νυν,
1439 2094 1494 2175 τά·

109 2226 338 2327 ὀφειλόμενα
367 2238 445 2315 τοῖς
478 2234 603 2314 θεοῖς·
633 2221 723 2325 όίχρι
753 2225 817 2317 τῆς
845 2227 1067 2332 συναγωγῆς
1096 2226 1133 2304 δὲ
1161 2228 1240 2305 των
1258 2216 1487 2330 λογιστῶνῆ

109 2353 225 2454 βουλό
246 2350 495 2453 αὐτοκράτωρ
515 2356 617 2429 ἔστω.

207 2493 460 2575 Ἀποδόντων
478 2495 516 2574 δὲ
535 2493 583 2573 τά
598 2495 778 2594 χρήματα
797 2499 834 2572 οί
854 2495 1051 2594 πρυτάνεις
1061 2495 1157 2594 μετά
1178 2496 1240 2588 τῆς
1257 2496 1400 2594 βουλῆς
1419 2499 1487 2570 καί

110 2621 409 2717 ε’ξαλειιμόντων,
439 2620 595 2698 ἐπειδάν
613 2614 810 2712 οίποὸὦσι,
842 2619 1061 2715 ζητήσαντες
1089 2622 1135 2697 τά
1162 2654 1204 2699 τε
1231 2620 1392 2699 πινάκια
1417 2625 1493 2695 καί.

110 2745 153 2825 τά
175 2759 427 2852 γραμματεῖα,
453 2753 522 2823 καί
541 2746 610 2824 ἐάν
628 2777 704 2823 που
723 2741 865 2824 ἄλλοθι
884 2741 910 2847 ᾗ
929 2755 1169 2853 γεγραμμένα
1189 2752 1285 2825 οἵτε
1303 2747 1401 2849 ίερῆς
1419 2752 1487 2821 καί

111 2875 145 2949 οί
162 2876 349 2971 ἱεροποιοὶ
373 2878 442 2950 καί
463 2874 553 2960 εἴτις
573 2866 692 2961 σ’ίλλος
711 2872 827 2954 οἶδεν.

218 3021 366 3116 Ταμίας
385 3015 423 3094 δὲ
449 3014 742 3116 α’ποιιυαμεύειν
768 3016 920 3094 τούτων
948 3018 1027 3094 ταῖν
1049 3019 1276 3118 χρημάτων,
1307 3015 1490 3117 ὅτανπερ

110 3139 172 3229 τοὶς
190 3136 311 3231 όίλλας
330 3139 450 3242 ἀρχάς
462 3198 473 3234 ,
502 3140 686 3240 καθάπερ
713 3140 805 3231 τούς
833 3143 911 3218 τῶν
940 3143 1053 3240 ἱερῶν
1069 3145 1148 3221 τῶν
1166 3145 1231 3236 τῆς
1255 3142 1487 3237 Ἀθηναίας·

111 3259 218 3346 οὗτοι
239 3268 277 3347 δὲ
296 3267 558 3368 ταμιευόντων
577 3277 620 3346 ἐν
639 3269 744 3346 πόλει
763 3276 807 3347 ἐν
826 3269 879 3370 τῷ
902 3267 1185 3372 Ὀπισθοδόμιμ
1211 3269 1260 3347 τοί
1287 3270 1365 3346 τῶν
1385 3269 1488 3345 θεῶν

105 3394 304 3494 χρήματα,
334 3392 407 3470 ὅσα
426 3393 684 3472 δυνατόνκαὶ
704 3389 837 3484 ὅσιον,
866 3400 936 3470 καί
963 3395 1277 3502 συνανοιγόντων
1304 3401 1374 3471 καί
1394 3422 1489 3499 συγ-
1513 3423 1518 3432 ·

110 3519 318 3597 κλυόντων
335 3518 401 3608 τάς
423 3518 545 3619 θύρας
564 3521 634 3597 τοῦ
651 3518 947 3621 Ὀπισθοὸὁμου
965 3526 1033 3597 καί
1054 3527 1393 3622 συσσημαινέσθων
1410 3531 1491 3610 τοῖς

109 3646 188 3722 ταῖν
204 3646 268 3738 τῆς
292 3643 507 3738 Ἀθηναίας
526 3652 689 3746 ταμίαις.

152 3825 155 3834 ·
214 3769 334 3870 Παρὰ
363 3769 402 3848 δὲ
431 3771 510 3850 τῶν
538 3773 615 3848 νῦν
641 3772 790 3872 ταμιῶν
818 3773 993 3849 καὶτῶν
1021 3775 1234 3851 ἐπιστατῶν
1255 3775 1334 3861 τῶν
1351 3780 1394 3850 ίν
1412 3780 1490 3859 τοῖς

105 3898 241 3993 ίεροῖς,
271 3898 314 3971 οἳ
341 3897 417 3973 νῦν
445 3895 768 3997 διαχειρίζουσιν,
798 3895 1160 3998 ἀπαριθμηοάσθων
1184 3907 1253 3977 καί
1273 3895 1494 3991 ἀποστησά·

109 4028 218 4098 σθων
235 4018 282 4097 τά
296 4021 477 4122 χρήματα
496 4029 679 4103 ἐναντίον
696 4024 759 4117 τῆς
772 4025 915 4124 βουλῆς
925 4032 969 4102 ἐν
978 4024 1084 4102 πόλει
1103 4031 1171 4103 καί
1190 4021 1492 4128 παραδεξάσθων

108 4148 144 4221 σί
171 4150 305 4246 ταμίαι
335 4149 372 4222 οί
400 4146 583 4244 λαχόντες
610 4146 714 4249 παρὰ
741 4149 821 4226 τῶν
848 4149 925 4226 νῦν
953 4147 1176 4249 ἀρχόντων,
1210 4157 1280 4227 καί
1307 4159 1352 4228 ἐν
1377 4147 1494 4246 στήλη

108 4267 424 4376 ἀναγραψάντων
452 4271 537 4374 ἰδίη
564 4268 717 4350 ἅπαντα
745 4281 844 4350 καθ’
859 4274 1028 4352 ,ίιιαστόν
1046 4307 1086 4352 τε
1104 4275 1184 4354 τιῖιν
1204 4278 1308 4353 θεῶν
1326 4276 1374 4352 τοῖ
1390 4274 1492 4375 χρη-

104 4425 208 4496 ματα
228 4388 351 4472 ὁπόσα
370 4403 476 4474 ίστίν
493 4402 669 4499 ἑκάστῳ,
698 4405 768 4475 καί
788 4397 1022 4498 συμπάντων
1048 4400 1286 4497 κεφάλαιον,
1309 4407 1430 4502 χωρίς
1446 4397 1494 4476 τό

109 4554 147 4598 τε
164 4519 352 4627 ἀργύριον
371 4528 440 4598 καί
459 4522 504 4600 τὸ
519 4529 699 4622 χρυσίον.

215 4653 293 4722 Καὶ
320 4646 507 4726 τολοιπὸν
536 4645 847 4754 άναγραφόντων
874 4653 911 4726 οἱ
929 4655 1006 4727 αίεί
1023 4656 1160 4751 ταμίαι
1179 4660 1216 4742 ίς
1234 4651 1394 4746 στήλην,
1422 4657 1492 4727 καί

109 4772 228 4877 λόγον
247 4772 433 4850 διδόντων
450 4773 529 4850 τῶν
546 4805 585 4850 τε
601 4767 730 4851 όντων
742 4773 953 4876 χρημάτων
973 4782 1041 4852 καί
1059 4777 1139 4855 τῶν
1157 4778 1396 4880 προσιόντων
1414 4789 1492 4865 τοῖς

110 4905 213 4986 θεοῖς
232 4905 301 4975 καί
321 4899 389 4977 ἐάν
407 4931 443 4975 τι
463 4897 772 4992 ἀπαναλίσιιηται
791 4900 895 4977 κατὰ
913 4899 984 4978 τὸν
1002 4902 1183 4980 ἐνιαυτόν
1201 4903 1293 5004 πρὸς
1312 4903 1404 4992 τούς
1423 4910 1491 4978 λο-

109 5021 259 5127 γιστοίς,
290 5031 359 5100 καί
379 5032 426 5101 ἐκ
449 5032 747 5119 Παναθηναίων
773 5036 810 5115 ἐς
830 5025 1097 5120 Παναθήναια
1126 5027 1199 5106 τόν
1221 5030 1342 5135 λόγον
1360 5028 1491 5106 διδόν-

108 5168 207 5240 των,
235 5149 417 5252 ιιαθάπερ
435 5153 476 5229 οί
492 5148 542 5228 ταί
560 5152 625 5243 τῆς
647 5149 1158 5260 Ἀθηναίαςταμιειίοντες·
1187 5153 1254 5252 τὰς
1277 5156 1317 5234 δὲ
1336 5155 1490 5248 στήλας,
1565 5230 1568 5238 .
