3404 5782
689 407 752 457 1ΰὸ
769 403 988 458 semrom.

782 594 893 671 1411.

257 721 328 814 Qui
348 748 455 796 suum
475 734 735 798 testamentum
760 723 888 797 tollere
908 724 1005 812 vult,
1033 749 1157 799 eoram
1176 724 1363 801 archonte
1389 724 1550 825 ejusque

151 843 399 922 assessoribus
427 858 465 922 et
493 848 648 924 testibus
676 848 947 949 professionem
976 849 1044 923 sibi
1074 849 1154 926 dari
1173 863 1279 926 curet
1287 908 1300 953 ,
1333 849 1448 951 quod
1469 849 1549 952 ipse

150 973 359 1048 testamenti
379 973 550 1075 pastione
569 971 668 1050 haud
688 973 847 1073 amplius
866 983 1044 1049 teneatur.

786 1134 899 1210 1412.

255 1255 307 1330 Εἴ
321 1286 356 1330 τι
376 1254 619 1361 προσγράψαι
638 1287 693 1344 τις
710 1252 903 1354 βούλεται,
920 1262 965 1332 ἐν
984 1261 1096 1356 ἑτέρῳ
1114 1256 1263 1361 γράψας
1283 1257 1396 1335 αὐτοὶ
1419 1289 1547 1364 γραμ-

145 1384 292 1479 ματείῳ
311 1387 588 1472 καταλειπέτω,
617 1379 688 1458 ἐάν
706 1378 753 1457 τά
779 1378 983 1484 γράμματα
1012 1379 1114 1480 παρά
1142 1383 1220 1457 των
1247 1380 1471 1481 ἀρχόντων
1499 1383 1544 1462 οὐ

150 1502 306 1596 δύνηται
326 1509 470 1604 λαβεῖν.
740 1511 887 1604 (Isaeus
906 1509 951 1585 de
971 1508 1162 1610 Oleonym.
1182 1511 1259 1587 her.
1281 1506 1316 1612 ξ.
1341 1515 1434 1608 25.)

786 1673 898 1747 1412.

254 1795 293 1872 Si
314 1797 395 1897 quis
413 1797 550 1875 addere
570 1799 710 1898 aliquid
724 1800 805 1899 jam
824 1800 969 1899 seriptis
998 1799 1130 1894 vellet,
1159 1799 1356 1876 codicillos
1378 1801 1541 1892 condat,

151 1922 181 1996 si
200 1922 321 2022 ipsum
341 1926 552 2000 testamenti
572 1927 786 2028 exemplum
803 1953 826 2002 a
843 1924 1120 2025 magistratibus
1137 1924 1280 2001 auferre
1301 1952 1387 2002 non
1398 1938 1540 2028 posset

731 2243 868 2342 Τμῆμα
895 2243 945 2348 γ’.

609 2392 731 2488 Περὶ
769 2386 1061 2486 ἐπικλήρων.

759 2550 912 2566 ΑΜΛΜΛΛΛΜΛΛ

742 2661 863 2738 Seetio
893 2663 927 2737 3.

490 2805 555 2878 De
589 2802 798 2879 filiabus
835 2803 1174 2881 hereditariis.

781 2984 894 3061 1413.

245 3095 371 3178 Ὅταν
388 3113 475 3188 παῖς
495 3099 646 3202 ὀρφανή
666 3096 712 3202 ᾗ,
742 3103 880 3201 πατρὸς
899 3113 968 3182 καὶ
991 3104 1132 3206 μητρὸς
1151 3103 1333 3203 ἀδελφῶν
1361 3138 1404 3184 τε
1433 3102 1529 3186 οὖσα

148 3229 302 3324 ἕρημος,
336 3225 552 3326 καὶταύτῃ
581 3228 679 3329 τάχη
708 3221 940 3331 ὑποκειμένη
978 3229 1115 3322 οὐσία,
1151 3229 1296 3322 ταύτην
1332 3234 1529 3310 καλοῦσιν

146 3356 371 3450 ἐπίκληρον·
400 3343 539 3450 ὁμοίως
558 3353 595 3432 δὲ
617 3363 684 3434 καὶ
703 3355 775 3450 την
803 3352 871 3452 ἤδη
900 3367 1183 3465 γεγαμημένην,
1211 3352 1308 3433 ὅταν
1337 3351 1364 3455 ᾗ
1391 3365 1458 3435 ἐπὶ
1485 3358 1526 3456 τῇ

147 3472 262 3575 οὐσίᾳ
282 3471 350 3575 ὅλῃ
368 3486 708 3581 καταλελειμμένη·
735 3486 908 3560 καλεῖται
929 3484 967 3562 δὲ
997 3487 1198 3584 ἐπίκληρος
1223 3487 1293 3557 καὶ
1323 3475 1346 3574 ἦ
1373 3482 1526 3581 μηδέπω

148 3610 404 3704 γεγαμημένη,
433 3602 530 3681 ἀλλά
550 3606 651 3706 παρά
679 3612 735 3711 aqi
762 3619 872 3710 πατρὶ
903 3605 1023 3700 οὖσα,
1052 3607 1196 3685 καθότι
1224 3605 1400 3702 καθήκει
1432 3606 1526 3706 αὐτῇ

147 3721 424 3827 πάσαῆοάοία·
445 3732 660 3812 καλοῦνται
680 3734 718 3813 δὲ
738 3741 950 3837 ἐπίκληροι,
970 3730 1049 3811 κάν
1069 3730 1139 3812 δύο
1159 3726 1239 3824 ὦσι,
1258 3727 1342 3808 κάν
1361 3739 1525 3822 πλείους.

775 3974 876 4048 ¹4¹3
985 3862 1156 3957 (suidam
1183 3862 1423 3959 ἐπίκληρος.)

252 4099 382 4178 Puella
409 4125 504 4200 quae
532 4111 637 4202 patre
666 4110 704 4175 et
730 4110 848 4176 matre
876 4098 1006 4176 orbata
1034 4099 1155 4174 nullos
1183 4096 1296 4174 habet
1324 4098 1469 4178 fratres
1492 4111 1527 4175 et

147 4226 311 4303 omnium
338 4228 520 4304 bonorum
548 4226 655 4303 heres
683 4233 757 4319 est,
795 4235 949 4301 voratur
977 4224 1053 4301 filia
1081 4223 1325 4321 hereditaria3
1356 4225 1527 4303 similiter

146 4353 258 4429 etiam
277 4363 413 4454 nupta,
441 4351 472 4429 si
499 4351 611 4429 totius
639 4351 851 4455 patrimonii
869 4351 976 4429 heres
996 4351 1106 4428 fuerit
1124 4350 1262 4426 reliota
1300 4349 1402 4427 Filia
1422 4352 1524 4428 here·

147 4477 280 4554 ditaria
297 4487 452 4555 vocatur
470 4478 583 4555 etiam
600 4476 725 4580 puella
743 4476 909 4554 nondum
927 4485 1063 4580 nupta,
1090 4474 1156 4551 sed
1174 4473 1273 4578 apud
1292 4485 1445 4577 patrem
1464 4478 1524 4554 ad·

146 4602 219 4678 huo
237 4601 393 4701 degens,
426 4603 524 4705 quod
543 4602 655 4679 totius
675 4602 889 4680 hereditatis
902 4601 965 4702 jus
984 4600 1031 4677 ad
1050 4626 1131 4677 eam
1151 4601 1348 4702 pertineat.
1386 4603 1525 4679 Eadem

147 4728 350 4831 appellatio
369 4729 540 4806 tribuitur
559 4729 712 4832 puellis,
741 4728 883 4804 etiamsi
902 4727 996 4804 duae
1016 4728 1076 4804 vel
1094 4726 1220 4828 plures
1238 4725 1324 4803 sint.

779 4891 891 4966 1414.

243 5008 308 5090 ’Ἡ
322 5043 407 5091 τινα
425 5013 502 5091 τῶν
520 5011 708 5120 ἐγγύτατα
727 5019 860 5120 γένους
879 5009 1200 5113 ἐπιδικασάμενον
1224 5017 1321 5104 ἕξειν
1353 5029 1524 5120 γυναῖκα

148 5139 218 5235 την
236 5146 455 5249 ἐπίκληρον,
475 5135 499 5239 ἢ
516 5145 553 5218 εἰ
564 5140 694 5245 μηδεὶς
713 5136 843 5224 αὐτῶν
859 5138 1041 5244 βούλεται
1061 5135 1286 5239 λαμβάνειν,
1307 5141 1390 5221 τῶν
1407 5148 1524 5223 θείων
