3404 5782
170 415 247 494 984
708 435 771 491 ros
794 429 1011 487 omninno.

805 624 920 702 1493.

274 762 319 838 In
338 757 552 836 foederibus
572 767 609 833 et
628 757 745 857 paotis
766 777 912 856 semper
940 749 1145 850 posteriora
1171 745 1374 849 prioribus
1401 745 1501 849 plus
1520 770 1580 824 ra·

167 887 243 962 lere
263 886 515 987 majoremque
535 881 674 958 habere
694 878 954 957 auctoritatem
973 885 1179 953 censentur.

278 1167 365 1247 Τῶν
384 1165 710 1272 συναλλαγμάτων
734 1162 781 1240 τοὶ
812 1160 970 1238 ἑκούσιά
999 1167 1076 1236 ἐστι
1106 1157 1260 1257 πρᾶσις,
1290 1153 1409 1249 cirri,
1445 1154 1577 1234 δανει-

168 1293 282 1393 σμὸς,
311 1293 428 1399 ἐγγύα
439 1351 449 1383 ,
472 1291 629 1394 χρῆσις,
659 1286 990 1393 παρακαταθήκη,
1014 1291 1216 1386 μίσθωσις.

698 1419 908 1516 (Aristotel.
931 1413 1050 1493 Ethio.
1071 1415 1215 1492 Nicom.
1235 1411 1283 1506 V,
1307 1412 1347 1507 2,
1375 1412 1472 1506 13.)

805 1583 920 1657 1494.

276 1711 520 1807 Contractus,
550 1711 612 1814 qui
632 1722 766 1811 sponte
786 1711 901 1801 fiunt,
930 1714 1037 1782 sunt:
1066 1701 1253 1796 venditio,
1285 1701 1471 1804 emptio,
1503 1728 1573 1777 mu·

168 1851 292 1933 tuum,
322 1837 532 1940 fidejussio,
562 1835 856 1931 commodatum,
882 1831 1112 1931 depositum,
1132 1829 1269 1904 locatio
1290 1839 1334 1905 et
1355 1826 1573 1905 conductio.

754 2095 969 2201 Τμῆμαα’.

446 2251 597 2349 Περί
644 2240 796 2336 ὥνῇς
841 2245 945 2317 καί
992 2235 1274 2340 πράσεως.

782 2403 939 2419 mmm

765 2498 890 2576 Sectio
922 2497 955 2573 1.

481 2644 547 2721 De
577 2644 829 2745 emptione
857 2652 905 2717 et
931 2638 1240 2717 venditione.

806 2820 921 2894 1495.

271 2939 550 3045 Ἀρροιβοὶν,
580 2935 600 3036 ἦ
631 2945 692 3017 ἐπὶ
721 2951 802 3031 ταῖς
829 2938 945 3032 ὠναῖς
973 2938 1073 3044 παρὰ
1092 2940 1171 3017 τῶν
1189 2937 1441 3039 ὠνουμένων
1460 2940 1559 3019 ‹5⁶60-

168 3078 264 3172 μένη
286 3064 558 3172 προκαταβολῆ
578 3059 674 3166 ὑπὲρ
694 3064 914 3164 ἀσφαλείας.
1212 3069 1365 3170 (Etym.
1388 3072 1464 3165 M.)

807 3235 920 3311 1495.

277 3362 397 3442 Arrha
415 3373 473 3439 est
490 3361 667 3464 pretium,
691 3361 792 3463 quod
811 3371 898 3439 ante
918 3357 1127 3462 emptiones
1145 3356 1334 3443 cantionis
1354 3361 1483 3460 gratia
1499 3356 1541 3435 ds

168 3502 228 3566 tur
248 3489 295 3565 ab
316 3488 555 3592 emptoribus.

808 3596 921 3672 1496.

276 3716 531 3823 Προγράιοειν
547 3713 615 3805 τοὶς
633 3713 784 3810 ὦνὴσεις
802 3723 872 3793 καὶ
893 3714 1042 3817 πράσεις
1061 3711 1160 3816 παραὶ
1180 3714 1225 3813 τῇ
1247 3711 1352 3815 ἀρχῇ
1376 3715 1453 3818 πρὸ
1471 3712 1548 3817 ἧμι-

168 3845 247 3946 ροῖν
261 3842 316 3944 μὴ
338 3847 499 3920 ἔλαττον
520 3839 543 3936 ἢ
562 3840 768 3936 ἑξήκοντα,
797 3849 865 3918 καί
885 3839 956 3918 τὸν
974 3839 1186 3941 πριάμενον
1206 3840 1429 3936 ἑκατοστὴν
1457 3848 1548 3919 τιθέ-

170 3999 232 4046 ναι
262 3970 327 4061 τῆς
354 3968 484 4069 τιμῆς,
514 3964 614 4055 ὅπως
644 3967 967 4068 διαμφισβητῆσαί
996 3998 1035 4043 τε
1063 3965 1126 4064 ἐξῇ
1155 3970 1224 4041 καί
1254 3965 1547 4071 διαμαρτυρῆσαι

168 4095 224 4194 τῷ
241 4098 490 4195 βουλομένῳ,
520 4099 588 4169 καί
608 4085 630 4169 ὁ
652 4091 810 4180 δικαίως
829 4098 1038 4194 ἐωνημένος
1057 4090 1224 4192 φανερὸς
1242 4085 1267 4191 ᾗ
1286 4093 1343 4194 τῷ
1365 4102 1473 4177 τέλει.

852 4221 1057 4318 (Stobaeus
1076 4248 1184 4300 serm.
1206 4224 1347 4321 XLIV,
1369 4227 1456 4320 22.)
1489 4261 1495 4271 ·

802 4384 915 4461 1496.

277 4509 495 4611 Emptiones
515 4523 552 4586 et
575 4508 811 4588 venditiones
838 4511 942 4612 prius
964 4509 1221 4587 deseribantur
1241 4511 1345 4612 apud
1365 4517 1547 4612 magistra·

169 4647 248 4713 tum
266 4648 357 4754 onte¹
373 4635 451 4712 dies
471 4664 548 4712 non
567 4638 761 4738 pauciores
789 4662 901 4739 quam
928 4636 1142 4735 sexaginta,
1171 4649 1208 4712 et
1228 4652 1381 4740 emptor
1400 4642 1549 4742 deponat

169 4753 409 4837 centesimam
439 4763 547 4862 pretii
576 4772 740 4864 partem,
770 4772 811 4837 ut
829 4763 882 4857 ei,
913 4763 974 4862 qui
1007 4762 1185 4856 voluerit,
1214 4788 1371 4840 oausam
1393 4793 1504 4867 agore
1521 4773 1550 4837 et

169 4888 365 4987 protestari
385 4887 509 4982 licent,
530 4887 762 4986 magistratui
782 4896 907 4962 autem
927 4898 1091 4981 constet,
1113 4888 1279 4988 quisnam
1294 4889 1403 4990 juste
1426 4891 1548 4969 emerit

808 5048 921 5125 1497.

270 5165 321 5248 ‘0
341 5168 546 5274 πριάμενος
565 5175 703 5254 οἰκίαν
720 5169 744 5264 ἢ
756 5176 929 5271 χωρίον,
958 5169 1299 5273 ἀμφισβητοῦντος
1331 5160 1458 5269 τινὸς,
1487 5176 1546 5251 ‹tr-
