3436 5790
688 416 756 469 uss
774 417 1041 476 usucsronrs.
1476 398 1553 477 397

805 613 918 688 1546.

276 746 307 825 Ε
330 748 514 829 fructibus
534 753 626 830 nihil
644 765 792 857 praeter
812 756 935 832 oleum
954 756 1067 833 vendi
1086 759 1294 861 peregrinis
1314 758 1554 861 permittitnr3

168 884 292 951 cetera
311 879 497 977 exportari
521 878 625 955 nefas
646 891 737 956 esto.

809 1024 922 1102 1547.

269 1153 497 1252 Ἀθήνηθεν
511 1161 565 1257 μὴ
586 1161 737 1270 ἐξάγειν
756 1158 896 1242 ἄλλοσέ
914 1196 990 1243 που
1009 1166 1123 1245 σῦκα.
1170 1176 1172 1180 ⁴

462 1289 608 1384 (Schol.
628 1294 676 1369 ad
695 1293 935 1400 Aristophan.
957 1298 1052 1374 Plut.
1074 1298 1135 1375 31.
1165 1298 1245 1374 Lex
1265 1295 1446 1390 Solonis.)

807 1456 922 1533 ιειι.
1147 1440 1150 1445 ’

274 1586 432 1668 Athenis
451 1618 499 1669 ne
518 1607 762 1698 exportentur
781 1598 958 1677 aliorsum
979 1602 1082 1678 ficus.

799 1763 912 1841 1548.

273 1888 343 1982 Μι)
363 1890 513 1997 ἐξάγειν
531 1894 627 1988 ξύλα
653 1906 722 1976 xci
742 1905 894 1983 πίτταν.

696 2028 840 2124 (Schol.
860 2029 908 2108 ad
929 2030 1168 2136 Aristophan.
1190 2032 1312 2133 Equit.
1334 2031 1442 2123 279.)

807 2193 917 2270 1518.

272 2320 328 2402 Ne
347 2325 457 2403 liceat
478 2346 676 2433 exportare
696 2335 799 2435 ligna
818 2349 856 2414 et
873 2335 1006 2439 picem.

804 2496 917 2571 1549.

274 2630 364 2713 Τοῖς
393 2631 660 2730 ἰχθυοπώλαις
689 2632 822 2713 οὐκέτι
851 2643 955 2714 ἐστιν
982 2640 1137 2730 ἐξουσία
1157 2640 1304 2738 ῥαίνειν
1322 2646 1545 2738 ξηραινομέ-

166 2777 256 2837 νους
273 2748 366 2839 τούς
386 2765 517 2863 ἰχθῦς,
802 2873 905 2948 1549
991 2766 1227 2860 (Athenaeus
1247 2765 1313 2864 VI,
1333 2767 1442 2860 225.)

271 3022 434 3100 Piscium
462 3017 717 3097 venditoribus
747 3043 794 3095 ne
823 3019 934 3096 liceat
952 3018 1112 3121 emplius
1131 3018 1254 3097 aridos
1272 3019 1395 3122 pisces
1413 3019 1545 3118 rigare.

801 3181 916 3258 1550.

273 3320 350 3408 Τοὶς
369 3319 481 3408 δίκας
499 3315 599 3396 είναι
619 3315 685 3406 τὰς
703 3315 915 3420 ἐμπορικὰς
933 3317 1012 3394 τῶν
1031 3322 1280 3421 συμβολαίων
1307 3319 1387 3399 τῶν
1418 3318 1544 3416 Ἀθή-

164 3476 270 3548 νῃοι,
299 3454 369 3525 καί
395 3451 447 3534 εἰς
475 3444 520 3523 τὸ
548 3445 624 3522 τῶν
648 3442 878 3537 Ἀθηναίων
904 3441 1111 3546 ἐμπόριον,
1140 3452 1209 3522 καί
1235 3444 1283 3524 οὐ
1309 3447 1440 3547 μόνον
1467 3449 1546 3526 τῶν

158 3569 395 3669 Ἀθήνησιν,
425 3570 522 3649 ἀλλά
552 3576 621 3649 καί
650 3566 709 3648 ὅσ’
729 3566 781 3649 ἂν
803 3576 956 3677 γένηται
974 3578 1089 3650 ἕνεκα
1108 3572 1178 3649 τοῦ
1200 3572 1299 3649 πλοῦ
1320 3573 1392 3650 τοῦ
1416 3570 1543 3665 Ἀθή-

163 3709 262 3795 ναζε.
749 3700 964 3800 (Demosth.
984 3701 1068 3780 cdv.
1088 3702 1304 3782 Phormion.
1326 3703 1436 3795 919.)

793 3865 908 3943 1550.

267 4011 443 4090 Actiones
463 4008 608 4087 dundee
628 4019 716 4086 sunt
734 4008 977 4089 mercatoriae
996 4019 1273 4103 contractuum,
1302 4009 1366 4112 qui
1386 4009 1542 4090 Athenis

159 4137 245 4214 facti
274 4149 361 4214 sunt
388 4138 490 4214 etin
518 4134 802 4216 Atheniensium
832 4145 1057 4230 mercatum,
1088 4145 1126 4211 et
1153 4159 1228 4210 non
1247 4134 1366 4212 solum
1390 4135 1543 4214 Athenis

158 4264 352 4360 factorum,
372 4262 437 4340 sed
457 4286 761 4362 eorumquoque,
782 4258 845 4361 qui
866 4259 912 4338 de
932 4261 1174 4359 navigatione
1194 4261 1288 4336 fiunt
1306 4261 1543 4362 suscipienda

159 4387 334 4467 Athenas.

796 4494 910 4573 1551.

253 4614 405 4712 Ἔξεστι
433 4627 512 4706 τοῖς
539 4621 660 4710 ξένοις
687 4614 866 4718 ἐμπόροις
889 4611 992 4694 ὅπου
1018 4615 1229 4718 βούλοιντο
1258 4624 1454 4693 ποιεῖσθαι
1473 4613 1541 4705 τοὶς

158 4744 280 4834 δίκας.
697 4745 841 4839 (schol.
859 4747 899 4825 in
917 4746 1109 4827 Demosth.
1132 4746 1218 4824 Mid.
1240 4748 1328 4843 571,
1351 4747 1432 4840 16.)

795 4908 909 4984 1551.

264 5035 394 5115 Liceat
413 5034 619 5138 peregrinis
638 5035 903 5113 mercatoribus
922 5033 1027 5113 litem
1044 5034 1250 5131 intendere,
1270 5034 1334 5111 nbi
1344 5033 1538 5110 voluerint.

743 5219 953 5235 ψ
