3436 5790
240 378 318 462 644
680 416 684 423 ·
713 395 1021 449 commandamus
1037 398 1093 451 An
1113 394 1193 448 15⁷6.

347 591 480 666 Pollux
500 589 604 685 VIII,
625 588 696 661 22:
724 581 772 658 ταὶ
794 581 1084 682 προστιμήματα
1103 581 1244 659 Σόλων
1262 585 1411 659 ἐπαίτιοι
1430 586 1554 657 καλεῖ.

345 714 522 790 Suidas
550 741 577 789 s.
598 742 632 789 v.
659 707 901 799 Hodoxolxq:
932 715 999 788 nst
1026 714 1189 812 lignum,
1217 714 1256 787 in
1284 711 1384 811 quod
1412 710 1530 813 pedes
1558 709 1625 781 im.

237 842 338 916 missi
358 840 671 938 constringuntm·.
710 838 869 914 Romani
889 838 1081 937 cippum
1102 832 1318 935 (κοῦσιιας)
1340 846 1487 912 vocant.
1525 833 1625 910 Dici·

238 978 297 1041 tur
316 967 425 1042 otiam
446 959 700 1061 τοδοστριὶβη.

344 1092 474 1168 Idem
493 1120 520 1167 s.
541 1119 575 1165 v.
600 1085 870 1175 Uononem:
889 1087 951 1165 Sic
971 1087 1232 1190 appellabatur
1250 1115 1386 1164 nervus
1405 1087 1444 1161 in
1463 1108 1626 1177 carcere;

238 1217 298 1292 vel
316 1217 454 1291 inserto
474 1215 591 1291 altero
610 1243 649 1299 κ,
679 1214 780 1313 quod
800 1226 899 1290 esset
918 1212 1101 1313 quaedam
1121 1212 1260 1314 pedum
1279 1213 1461 1303 vexatio,
1478 1211 1562 1303 vel,
1586 1221 1626 1282 ut

237 1341 419 1442 Didymus
447 1342 517 1434 ait,
551 1366 619 1442 per
648 1365 852 1441 syncopem
881 1339 982 1414 dicta
1010 1350 1084 1432 est,
1114 1340 1219 1439 quasi
1249 1330 1521 1429 ποδοκατοχὴ,
1552 1362 1625 1433 quo

237 1465 352 1568 pedes
372 1465 616 1542 detineantur.

810 1565 886 1649 Ad
902 1567 1047 1649 15⁷0.

340 1736 388 1813 In
402 1734 489 1834 jure
506 1732 655 1833 publico
675 1726 755 1832 (ἕξ.
779 1731 892 1823 1150,
916 1731 1038 1823 1151)
1058 1730 1235 1825 vidimus,
1262 1755 1346 1805 eum
1365 1733 1428 1830 qui
1448 1757 1469 1807 e
1488 1731 1627 1808 balneo

238 1872 302 1937 aut
321 1886 340 1934 e
360 1859 543 1959 palaestra
562 1870 626 1933 aut
645 1884 664 1933 e
685 1858 766 1932 foro
786 1868 850 1930 aut
869 1882 914 1931 ex
934 1856 1059 1953 aliquo
1080 1856 1259 1953 ejusmodi
1279 1857 1362 1932 loco
1383 1857 1528 1932 furatus
1548 1857 1625 1932 fue·

236 1997 313 2077 rat,
341 1984 645 2085 montepunitum
666 1983 788 2059 fuisse.
827 1979 904 2058 Our
930 1981 1063 2078 igitur,
1093 1982 1157 2081 qui
1183 2008 1202 2055 e
1228 1981 1339 2059 domo
1357 1984 1507 2082 privata
1525 1981 1625 2057 lura-

239 2122 318 2206 tur,
337 2110 485 2186 nonnisi
505 2109 661 2210 duplum
679 2106 767 2182 furti
786 2106 944 2207 pretium
963 2104 1164 2205 rependit?

343 2252 542 2328 Rationem
559 2254 654 2350 legis
669 2278 718 2329 ,eo
737 2252 846 2327 sitam
875 2277 956 2325 esse
979 2250 1069 2325 dicit
1096 2261 1227 2327 auctor
1246 2251 1524 2327 Problematum
1543 2251 1625 2329 Ari-

237 2379 380 2455 stotelis
400 2379 561 2474 (XXIX,
583 2379 677 2471 14),
707 2377 806 2476 quod
834 2378 873 2451 in
893 2376 1065 2454 domibus
1085 2375 1233 2476 quidem
1252 2377 1438 2452 custodire
1458 2402 1626 2478 quocun·

236 2531 308 2605 que
337 2503 487 2578 tandem
517 2504 627 2580 modo
656 2501 759 2595 licet,
789 2529 873 2579 nam
903 2524 941 2578 et
969 2505 1090 2603 paries
1120 2504 1247 2578 firmus
1275 2514 1313 2577 et
1341 2502 1456 2579 clavis
1485 2511 1561 2592 est,
1590 2513 1627 2575 et

237 2631 352 2707 servis
372 2630 584 2706 domesticis
612 2655 723 2705 curae
752 2641 808 2705 est
830 2629 1004 2705 omnibus
1024 2640 1064 2703 ut
1082 2638 1279 2704 serventur
1297 2654 1390 2727 quae
1409 2629 1559 2721 insunt,
1587 2638 1627 2701 at

236 2757 274 2831 in
293 2755 436 2832 balneis
466 2757 672 2854 ceterisque
700 2756 791 2831 locis
820 2780 937 2853 aeque
968 2753 1228 2830 communibus
1247 2780 1291 2829 ac
1308 2754 1487 2829 balneum
1505 2752 1625 2828 facilis

237 2881 270 2956 ei
289 2882 353 2980 qui
372 2882 471 2973 vult,
501 2881 677 2956 facinoris
708 2880 938 2982 perpetratio
959 2889 1023 2955 est.
1062 2880 1124 2954 Nil
1145 2881 1244 2954 enim
1264 2880 1310 2955 ad
1330 2878 1541 2955 custodiam
1560 2904 1625 2952 va-

236 3005 354 3080 lidum
381 3007 444 3104 qui
472 3030 540 3078 sua
567 3016 790 3104 posuerunt,
818 3003 958 3080 habent
985 3013 1135 3103 praeter
1163 3004 1290 3079 oculos
1319 3029 1426 3093 suos,
1453 3002 1507 3077 ita
1531 3012 1574 3077 ut
1592 3002 1622 3074 si

237 3129 349 3203 modo
367 3129 585 3229 adspectum
604 3128 796 3204 diverterit
823 3129 927 3228 quis,
955 3129 994 3202 in
1013 3154 1091 3203 rem
1112 3141 1167 3203 est
1185 3128 1278 3205 furi:
1307 3127 1553 3228 quamobrem
1572 3128 1624 3202 le·

236 3254 391 3352 gislator
422 3264 524 3327 ratus
552 3279 628 3328 non
657 3255 883 3330 sufficientes
912 3254 1041 3329 adesse
1071 3252 1262 3348 custodes,
1301 3254 1425 3353 legem
1454 3252 1626 3327 adhibuit

236 3378 280 3451 iis
299 3379 531 3453 minitantem
559 3381 755 3474 acerrime,
785 3391 905 3454 morte
935 3379 1107 3479 punitum
1132 3380 1196 3472 iri,
1228 3380 1290 3478 qui
1311 3379 1451 3454 alienas
1471 3402 1531 3454 res
1552 3378 1625 3452 sibi

236 3502 491 3578 vindicaverit.
529 3506 622 3582 Item
641 3508 680 3580 in
700 3506 852 3582 domum
877 3505 1027 3604 quidem
1045 3530 1162 3605 penes
1181 3505 1369 3580 dominum
1389 3514 1465 3597 est,
1495 3527 1624 3601 quem-

236 3653 381 3728 cunque
401 3629 508 3716 velit,
530 3631 715 3731 recipere,
745 3644 782 3706 et
801 3631 860 3705 oui
880 3655 957 3705 non
975 3630 1143 3705 confidat
1161 3629 1208 3705 ad
1227 3627 1556 3722 introducendum
1585 3641 1625 3703 at

235 3756 269 3827 ei
288 3756 349 3852 qui
369 3756 408 3829 in
428 3756 573 3830 balneis
603 3756 805 3856 quidquam
834 3757 978 3858 posuit,
1008 3756 1205 3857 prohibere
1234 3757 1422 3831 neminem
1446 3755 1537 3828 licet
1556 3779 1626 3829 nec

234 3879 399 3976 ingredi,
429 3905 499 3954 nec
518 3881 728 3979 ingressum
748 3892 891 3956 vestem
910 3906 1015 3956 suam
1034 3890 1184 3956 exutam
1203 3906 1279 3955 non
1298 3880 1484 3981 deponere
1504 3905 1625 3981 prope

236 4002 374 4097 furem,
403 4006 469 4080 sed
498 4006 630 4081 eodem
654 4008 693 4081 in
711 4008 794 4082 loco
814 4006 904 4081 furis
923 4018 960 4081 et
979 4006 1147 4082 amissuri
1168 4006 1392 4082 vestimenta
1410 4007 1625 4106 promiscue

229 4130 378 4227 jacent:
407 4141 634 4231 quapropter
662 4133 854 4231 legislator
883 4131 916 4205 ei
945 4129 1094 4229 quidem
1122 4132 1184 4228 qui
1204 4157 1272 4206 sua
1290 4141 1423 4231 sponte
1443 4132 1570 4207 furem
1587 4134 1628 4206 in

235 4278 339 4327 suam
359 4254 509 4329 domum
539 4257 727 4357 exceperit
755 4258 908 4357 ipseque
929 4257 1128 4350 erraverit,
1159 4283 1235 4332 non
1253 4256 1400 4353 magnis
1419 4255 1626 4332 admodum

234 4378 427 4479 suppliciis
437 4381 632 4475 consuluit,
643 4382 681 4456 in
692 4383 851 4478 gratiam
871 4408 961 4457 vero
982 4408 1109 4457 eorum
1127 4384 1192 4480 qui
1211 4406 1447 4457 communem
1467 4380 1623 4456 balneo·

236 4527 318 4577 rum
328 4503 469 4581 aditum
482 4507 877 4606 conversationemque
888 4507 1039 4597 habent,
1052 4505 1235 4607 supplicia
1245 4507 1389 4582 furibus
1399 4531 1541 4605 magna
1550 4518 1625 4583 sta·

236 4630 314 4704 tuit.
352 4631 447 4706 Item
474 4632 499 4707 ii
528 4631 676 4733 quidem
696 4634 759 4732 qui
778 4635 816 4707 in
835 4633 945 4728 locis,
975 4659 1134 4734 quorum
1152 4631 1271 4709 aditus
1290 4643 1395 4733 patet
1413 4633 1624 4734 cuicunque

236 4752 343 4847 velit,
372 4756 509 4831 furtum
530 4759 782 4852 committunt,
814 4758 987 4835 omnibus
1016 4757 1202 4836 manifesti
1221 4761 1333 4852 fiunt,
1364 4761 1452 4859 quia
1471 4762 1624 4861 conspi-

236 4879 293 4952 cui
312 4892 414 4973 sunt,
433 4881 483 4959 ita
503 4895 543 4959 ut
561 4886 658 4961 vitae
678 4886 817 4962 servati
835 4911 883 4961 ne
903 4884 1087 4961 commodi
1105 4884 1255 4985 quidem
1273 4885 1394 4984 gratia
1410 4884 1521 4985 probi
1539 4909 1625 4962 esse

235 5003 352 5081 videri
372 5006 508 5103 velint,
537 5021 663 5110 utpote
691 5037 805 5110 quum
833 5011 1022 5088 incassum
1048 5012 1093 5087 iis
1123 5025 1198 5105 est,
1228 5012 1259 5085 si
1287 5039 1327 5087 se
1355 5012 1494 5112 probos
1520 5011 1624 5112 apud

399 5132 584 5229 ntiantur,
614 5135 676 5234 qui
693 5160 773 5213 rem
791 5148 947 5214 norunt:
969 5138 1052 5237 jam
1080 5160 1170 5234 ergo
1199 5137 1322 5238 palam
1349 5135 1509 5238 improbi
1539 5162 1624 5213 esse
