3404 5782
147 370 224 451 606
503 396 811 448 conusnraams
832 395 885 444 an
906 390 984 448 nra
1005 388 1085 448 rsit.
1109 390 1200 446 1375.

148 591 246 666 filius
265 614 430 690 neposve
453 616 497 665 ex
518 615 582 680 eo,
611 591 699 664 item
729 597 882 687 patruus
909 597 945 661 et
965 589 1087 688 patrui
1110 586 1223 663 filius
1248 598 1293 660 et
1313 609 1440 683 nepos
1457 610 1540 661 eico.

148 713 283 815 (Gaji
312 715 477 792 Instit.
508 716 537 808 Ι,
561 715 669 804 155.)
1565 696 1568 705 ’

256 854 449 934 Vocantur
468 866 592 933 autem
615 860 763 955 agnati,
784 859 846 957 qui
864 855 1033 953 legitima
1051 857 1310 956 cognatione
1326 854 1453 955 juncti
1471 866 1540 929 sunt:
1564 830 1570 911 3

147 982 315 1080 legitima
343 992 467 1058 autem
487 996 626 1081 cognat
626 983 662 1057 io
684 993 740 1058 est
760 1009 823 1074 ea,
854 1004 948 1080 quae
980 1009 1046 1082 per
1074 983 1202 1058 virilis
1238 1007 1369 1059 sexus
1404 1005 1541 1080 persona

150 1107 408 1206 conjungitur:
437 1117 562 1205 laque
584 1108 714 1183 eodem
734 1119 839 1235 patre
859 1109 937 1185 nati
957 1108 1089 1182 fratres
1110 1109 1260 1206 agnati
1284 1104 1366 1182 sibi
1387 1115 1540 1203 suntqu

150 1233 263 1305 etiam
291 1234 559 1329 consanguinei
589 1243 789 1325 vocantur,
821 1258 890 1307 neo
917 1233 1136 1331 requiritur
1171 1259 1228 1306 an
1266 1232 1396 1307 etiam
1425 1243 1540 1305 mansu

150 1356 309 1431 eandem
327 1354 547 1444 habuerint3
567 1358 656 1431 item
676 1368 830 1457 patruus
850 1357 974 1431 fratris
992 1358 1142 1432 filioet
1104 1358 1322 1433 trnvicem
1339 1359 1375 1432 is
1395 1357 1449 1431 illi
1467 1383 1540 1456 agn

151 1491 210 1555 tus
231 1492 307 1576 est3
337 1481 467 1555 eodem
497 1506 652 1557 numero
677 1493 762 1557 sunt
781 1483 915 1558 fratres
935 1484 1120 1583 patrueles
1142 1484 1256 1558 inter
1279 1508 1348 1576 se,
1384 1482 1425 1556 id
1445 1497 1494 1557 est
1507 1484 1542 1579 qn‘

151 1606 336 1681 eduobus
366 1606 542 1683 iratribus
572 1610 813 1706 progenerati
839 1619 944 1699 sunt,
975 1634 1068 1706 quos
1087 1609 1281 1707 plerique
1307 1610 1430 1683 etiam
1449 1633 1542 1682 conso

151 1730 279 1807 brinos
298 1741 448 1807 vocant.
479 1726 570 1824 (Ga
575 1731 616 1831 ji
636 1734 803 1808 Instit.
823 1734 891 1824 ΙΙΙ,
913 1732 997 1824 10.)

258 1870 297 1949 si
318 1876 377 1948 oui
397 1872 520 1950 nullus
541 1873 693 1949 omnino
711 1884 811 1950 tutor
829 1877 895 1967 sit,
926 1876 959 1950 ei
980 1876 1146 1950 daturin
1168 1873 1279 1951 urbe
1299 1859 1437 1953 ’Roma
1456 1877 1544 1973 elegr

152 1997 267 2074 Atilia
287 2023 309 2072 a
328 2012 497 2099 praetore
518 2001 663 2095 urbano
692 2012 728 2074 et
756 2001 897 2100 majore
927 2013 1031 2103 parte
1050 1999 1312 2076 tribunorum
1335 2004 1482 2102 plebis,
1506 2003 1544 2099 qui

153 2123 339 2199 Atilianus
359 2136 458 2200 tutor
478 2135 653 2218 vocatum
681 2126 719 2199 in
748 2127 950 2228 provinciis
979 2151 1068 2202 vero
1087 2153 1109 2201 a
1128 2127 1400 2226 praesidibus
1430 2128 1545 2228 proriu-

153 2250 294 2325 oiarum
315 2276 334 2324 e
354 2250 436 2349 lege
457 2251 484 2326 J
487 2251 563 2326 ulia
583 2262 619 2326 et
639 2249 748 2326 Titia.
780 2251 868 2345 (Ga
873 2254 914 2352 ji
934 2252 1049 2328 Inst.
1070 2252 1099 2342 Ι,
1123 2251 1248 2345 185.)

735 2481 811 2562 Ad
829 2481 972 2562 1³⁷4.

262 2661 438 2738 Similiter
456 2665 556 2765 apud
576 2665 766 2744 Romanos
795 2675 1018 2742 testamento
1038 2688 1192 2764 quoque
1213 2666 1463 2743 nominatim
1480 2675 1543 2740 tuto

154 2812 212 2862 res
232 2785 305 2863 dati
335 2788 604 2864 confirmantur
632 2789 715 2886 lege
747 2788 943 2865 duodecim
970 2785 1188 2863 tabularum
1220 2786 1290 2865 his
1326 2792 1478 2868 verbis:
1502 2791 1544 2864 uti

155 2914 371 3010 legassit
398 2938 545 3014 super
574 2916 804 3008 (familia)
833 2915 1319 3019 pecuniatutelave
1348 2943 1471 2993 suae
1493 2915 1542 2988 rei

154 3038 223 3112 ita
244 3039 326 3137 jus
355 3051 484 3131 est03
514 3041 574 3139 qui
604 3052 742 3116 tutores
763 3041 878 3117 dativi
898 3040 1147 3142 appellantur.
1183 3038 1275 3132 (Ul
1288 3045 1431 3143 pian.
1453 3042 1543 3137 frag·

154 3175 294 3238 ment.
317 3163 377 3256 11,
401 3163 482 3254 14.)

735 3264 811 3349 Ad
829 3268 974 3349 1³⁷5.

262 3452 367 3527 Haec
385 3450 534 3528 Solonis
554 3451 614 3527 lex
633 3451 764 3528 seriori
783 3461 904 3527 aetate
925 3450 1106 3546 abrogata
1127 3449 1252 3527 fuisse
1277 3455 1452 3532 videtur.
1480 3455 1544 3530 Nau

156 3579 415 3654 Demosthenis
434 3590 541 3680 pater
560 3578 833 3677 Demophonti‚
863 3602 975 3676 quem
1003 3576 1042 3650 in
1068 3586 1315 3655 testamento
1338 3593 1501 3657 tutorem
1513 3579 1545 3650 in·

155 3705 282 3795 stituit,
304 3728 458 3780 uxorem
477 3730 582 3780 suam
598 3714 635 3777 et
645 3703 772 3779 dotem
791 3702 980 3799 octoginta
998 3702 1184 3777 minarum
1206 3701 1335 3780 dedit
1360 3703 1544 3800 (Demosth

155 3832 194 3903 in
213 3829 361 3930 Aphob.
381 3832 410 3922 Ι,
431 3830 541 3920 814).
578 3830 700 3920 Quum
720 3828 830 3904 Pasio
857 3827 1029 3918 obiisset,
1058 3825 1243 3903 Phormio
1267 3856 1443 3910 uxorem
1461 3832 1546 3931 ejusr

155 3967 379 4031 testamento
389 3954 507 4047 duxit,
519 3955 671 4053 ejusque
683 3954 749 4030 filii
759 3965 859 4029 tutor
869 3965 957 4030 erat
971 3951 1187 4046 (Demosth.
1200 3980 1281 4054 pro
1292 3956 1460 4034 Phorm.
1470 3955 1547 4039 911.)

266 4096 486 4173 Charondae
515 4097 741 4172 hereditaria
771 4096 1024 4196 orphanorum
1047 4096 1148 4170 bona
1166 4110 1422 4197 agnatorum
1442 4098 1547 4178 tutelae

158 4232 195 4295 et
212 4222 544 4314 administrationi,
574 4218 833 4296 educationem
856 4231 981 4296 autem
1000 4231 1261 4321 cognatorum
1291 4228 1391 4303 fidei
1412 4240 1451 4304 et
1467 4246 1547 4302 cum

158 4347 325 4445 subjecit.
355 4346 574 4438 (Diodor.
595 4345 744 4421 Sioul.
765 4347 851 4438 XII,
875 4347 959 4437 15.)

266 4488 478 4564 Secundum
497 4491 655 4586 Leges
674 4487 902 4563 Platonis
923 4490 1032 4583 (924,
1054 4486 1214 4583 A-O),
1246 4495 1371 4592 cujus
1393 4496 1496 4570 liberi
1511 4503 1546 4563 n-

159 4614 299 4690 toribus
328 4614 517 4713 indigent,
551 4617 582 4689 si
611 4615 768 4689 moritur
796 4622 972 4706 testatus,
1003 4615 1151 4714 scriptis
1180 4621 1396 4697 tutoribus
1429 4628 1548 4721 quoset

160 4765 399 4842 quoscunque
429 4740 608 4834 voluerit,
638 4741 676 4815 hi
703 4741 774 4814 rati
803 4751 934 4836 sunt03
962 4741 1020 4816 sin
1048 4752 1175 4816 autem
1207 4745 1277 4819 vol
1301 4751 1465 4824 omnino
1482 4746 1548 4818 ints·

159 4876 315 4942 testatus
335 4873 499 4942 mortuus
520 4876 577 4940 est
595 4865 728 4963 ahquis
747 4866 884 4939 velt
827 4877 884 4939 tut
885 4891 992 4939 orum
1011 4864 1198 4942 electione
1230 4873 1409 4963 omissa,
1438 4889 1549 4971 genere

160 5020 182 5068 a
201 5002 266 5093 pa
267 5019 306 5067 re
251 5001 363 5066 tet
380 5003 495 5065 matre
515 4991 673 5090 proximi
691 5001 833 5065 tutores
853 4991 926 5065 sint
940 4991 1040 5090 jure,
1062 4989 1134 5065 duo
1154 5015 1178 5064 a
1198 5008 1322 5093 patre
1344 5001 1548 5157 totidemque

161 5111 318 5194 thane
339 5128 375 5191 et
393 5141 489 5191 unus
509 5142 529 5190 e
548 5115 681 5190 mortui
703 5115 840 5190 amicis
1016 5132 1018 5135 ·
