3436 5790
575 369 884 422 connumeramus
903 365 957 417 nu
980 365 1059 427 uu.
1082 365 1163 419 1142.
1480 350 1556 425 567

165 560 329 659 liautque
349 561 497 656 cognati
518 561 719 658 inglorios,
747 583 867 657 neque
896 561 1070 637 columna
1098 585 1219 659 neque
1251 562 1401 637 nomine
1432 563 1554 663 sepul-

165 682 295 759 chrum
315 684 531 760 indicantes.

273 809 404 908 l'llege
424 808 665 913 Cypriorum,
688 838 799 910 quam
820 811 933 887 refert
951 812 1024 886 Dio
1044 810 1335 912 Olrrysostomus
1356 812 1479 904 (Orat.
1493 815 1555 908 64,

164 963 198 1034 p.
221 936 333 1026 592),
362 937 424 1034 qui
445 961 483 1012 se
502 934 708 1029 interfecit,
739 936 946 1036 insepultus
965 937 1221 1038 abjiciebatur.

270 1059 432 1136 Milesias
460 1061 625 1160 virgines
653 1061 817 1161 quodam
841 1072 1007 1161 tempore
1033 1073 1141 1139 atrox
1170 1063 1283 1138 animi
1302 1063 1453 1138 incessit
1472 1090 1554 1163 per·

162 1184 336 1260 turbatio.
375 1184 506 1260 Subito
536 1214 665 1262 omnes
694 1188 823 1261 mortis
854 1186 1036 1288 cupiditas
1067 1200 1103 1263 et
1133 1186 1179 1263 ad
1210 1186 1325 1262 vitam
1350 1187 1553 1289 suspendio

163 1309 367 1384 finiendam
386 1309 547 1386 furimus
565 1312 725 1410 impetus
745 1312 841 1407 egit,
872 1322 909 1386 et
938 1312 1075 1387 multae
1102 1337 1139 1387 se
1160 1312 1261 1410 ipsas
1282 1312 1378 1387 clam
1398 1337 1553 1414 suspen-

163 1433 314 1510 debant.
353 1434 481 1510 Verba
501 1446 538 1510 et
557 1437 730 1512 lacrimae
756 1448 953 1537 parentum
983 1436 1260 1534 amicorumque
1280 1433 1444 1535 alloquia
1463 1432 1555 1512 nihil

163 1560 361 1651 valebant,
382 1560 445 1634 ud
466 1586 546 1636 sese
566 1561 832 1636 interficiendis
853 1586 1000 1635 omnem
1020 1561 1119 1660 ipsas
1139 1559 1427 1637 custodientium
1445 1560 1551 1636 indu·

162 1685 290 1760 striam
310 1696 421 1784 atque
442 1685 683 1760 calliditatem
703 1686 921 1775 vincebant3
951 1684 1070 1760 donee
1089 1684 1241 1785 quidam
1260 1684 1370 1760 bomo
1390 1683 1552 1784 prudens

161 1809 283 1906 legem
302 1807 574 1908 promulgavit,
595 1835 688 1908 quae
704 1810 876 1910 juberet:
907 1835 1213 1910 omnesquae
1235 1808 1553 1913 sibisuspeu·

162 1933 1057 2026 diomortemconsoivissent‚nudas
1083 1934 1554 2033 perforamefferri.

163 2053 263 2151 (Τὰς
283 2051 556 2160 daemoniace
577 2053 725 2161 γυμνὰς
745 2061 1025 2156 ἐκκομίζεσθαι
1048 2053 1110 2130 διά
1141 2054 1205 2151 τῆς
1236 2051 1412 2160 ἀγορᾶς.)
1450 2059 1554 2137 Haec

160 2187 221 2263 lex
240 2185 385 2261 sancita
404 2187 568 2261 abolevit
596 2187 698 2262 illam
730 2214 804 2287 qua
832 2188 995 2284 virgines
1015 2185 1241 2262 laborabant
1260 2186 1391 2264 mortis
1411 2181 1553 2285 cupidi·

160 2322 296 2404 tatem3
325 2336 409 2386 nam
439 2336 533 2410 quae
565 2312 654 2387 nihil
683 2313 933 2388 formidabant
962 2324 1136 2402 mortem,
1168 2311 1405 2410 turpitudinis
1423 2310 1552 2407 imagi·

161 2437 350 2513 nationem
371 2461 444 2512 non
465 2436 720 2537 pertulerunt,
751 2463 872 2537 neque
892 2438 1150 2512 sustinuerunt
1168 2435 1331 2511 dedecus
1350 2447 1436 2537 post
1455 2461 1550 2511 mor·

162 2574 237 2637 tem
266 2562 357 2664 ipsis
385 2571 614 2637 eventurum.
647 2561 943 2653 (Plutarch.:
973 2563 1038 2637 De
1070 2561 1329 2637 mulierum
1359 2560 1553 2636 virtuti-

163 2688 260 2763 Μ’
288 2688 378 2779 Μ’)
742 2791 818 2874 ne
841 2792 958 2874 1142

269 2961 299 3036 Ε
320 2962 552 3061 praescripto
571 2952 717 3059 Legum
737 2962 905 3037 Platonis
926 2961 1036 3053 (877,
1058 2961 1210 3051 B-··D)‚
1241 2960 1270 3034 si
1292 2958 1398 3035 liberi
1418 2963 1551 3060 paren·

160 3099 237 3178 tes,
268 3086 328 3161 v‘el
348 3111 480 3162 servus
499 3084 711 3178 dominum,
741 3088 770 3163 si
800 3087 915 3163 frater
943 3087 1094 3162 fratrem
1124 3109 1339 3160 sororemve
1370 3081 1429 3158 vel
1449 3107 1553 3158 soror

161 3213 313 3288 fratrem
333 3212 392 3285 vel
412 3235 579 3288 sororem
599 3212 768 3286 consulto
789 3211 1019 3303 vulneravit,
1049 3237 1148 3286 mors
1177 3235 1301 3309 poena
1319 3210 1376 3285 sit.
1416 3207 1552 3284 Mulier

161 3348 304 3427 autem,
334 3359 429 3434 quae
457 3335 630 3412 maritum
659 3362 767 3412 suum
786 3334 980 3412 occidendi
999 3361 1112 3411 causa
1131 3333 1360 3425 vulneravit,
1391 3333 1552 3422 volvit,

161 3463 223 3561 qui
251 3486 405 3538 uxorem
433 3487 556 3551 suam,
587 3463 624 3537 in
655 3474 877 3563 perpetuum
902 3461 990 3538 exul
1022 3471 1112 3536 esto.
1152 3458 1277 3535 Liberi
1306 3470 1432 3535 autem
1451 3454 1553 3535 nulls

160 3586 284 3663 alendi
303 3587 422 3663 exulis
442 3587 663 3663 necessitate
682 3598 861 3663 tenentor.

268 3714 364 3788 ltem
381 3712 492 3805 (878,
507 3711 662 3807 e-D),
683 3714 728 3789 de
746 3712 965 3790 vulneribus
983 3714 1036 3789 ita
1052 3711 1165 3788 illatis
1185 3711 1456 3788 condemnatus
1475 3709 1550 3809 pri·

161 3865 263 3914 mum
293 3837 444 3937 quidem
472 3837 598 3914 damni
626 3839 770 3938 pendat
798 3838 972 3941 duplum,
1002 3839 1032 3913 si
1052 3840 1189 3915 vulnus
1218 3834 1384 3913 sanabile
1413 3833 1550 3925 evasit,

159 3964 422 4040 insanabilium
444 3988 533 4038 vero
552 3964 811 4064 quadruplum.
850 3963 913 4039 Sin
943 3975 1069 4040 autem
1099 3962 1266 4038 sanabile
1296 3960 1446 4064 quidem
1473 3971 1548 4052 est,

160 4090 225 4166 sed
245 4089 425 4166 dedecore
447 4090 683 4167 vulneratum
712 4114 853 4189 magno
873 4088 991 4167 afficit
1011 4101 1047 4166 et
1067 4089 1270 4190 probroso,
1300 4084 1549 4187 quadruplum

159 4214 362 4318 persolvat
389 4215 535 4310 Quibus
556 4241 645 4291 vero
664 4215 776 4293 illatis
796 4216 904 4292 alicui
923 4213 1055 4316 aliquis
1073 4212 1311 4306 vulneribus,
1331 4237 1408 4289 non
1425 4210 1547 4288 solum

160 4343 213 4431 ei,
244 4342 302 4416 cui
331 4340 474 4433 intulit,
504 4341 678 4417 damnum
707 4340 815 4433 facit,
846 4365 974 4416 verum
1005 4340 1114 4416 etiam
1144 4339 1304 4431 civitati,
1334 4338 1423 4413 dum
1442 4336 1548 4413 illum

161 4464 336 4542 facultate
357 4467 482 4566 privat
501 4467 643 4567 patriae
661 4466 837 4543 adversus
858 4467 984 4542 hostes
1003 4463 1224 4557 auxiliandi,
1244 4465 1274 4540 is
1295 4489 1379 4540 cunr
1399 4460 1550 4562 reliquis

160 4591 309 4667 mulctis
329 4590 469 4666 civitati
490 4618 636 4691 quoquo
656 4592 833 4666 damnum
853 4591 1062 4691 persolvat3
1090 4600 1238 4690 praeter
1256 4616 1343 4664 suas
1363 4588 1460 4663 enim
1481 4588 1548 4662 mi-

159 4718 257 4794 litias
277 4718 387 4791 etiam
408 4744 476 4817 pro
496 4716 579 4808 illo,
609 4717 670 4815 qui
691 4743 765 4793 non
792 4727 936 4818 petest,
966 4716 1122 4791 militate
1144 4717 1297 4816 ejusque
1316 4712 1474 4789 inbelle
1493 4712 1547 4788 le·

160 4871 224 4919 cos
245 4843 412 4941 expleto,
442 4852 506 4916 aut
525 4843 555 4916 si
575 4869 650 4918 non
671 4844 804 4935 faeiat,
833 4841 1000 4919 desertae
1030 4840 1183 4917 militiae
1206 4839 1387 4943 judicium
1414 4836 1547 4929 abeo,

160 4971 220 5068 qui
240 4969 361 5060 volet,
391 4968 515 5044 subire
536 4969 690 5066 cogitor.
731 4969 867 5047 Damni
888 4993 978 5044 vero
997 4967 1179 5068 pretium,
1199 4967 1277 5042 sive
1297 4964 1451 5071 duplum
1470 4964 1547 5047 sive

159 5093 311 5194 triplum
329 5095 407 5171 sive
428 5094 539 5171 etiam
559 5093 807 5197 quadruplum
822 5091 969 5197 judiees
988 5101 1189 5180 statuente·
1252 5168 1256 5177 .
