3404 5782
158 301 234 374 556
513 319 822 371 couuaursarus
841 314 896 365 nn
917 307 993 366 rosa.
1014 309 1092 369 ross.
1114 309 1205 367 rosa.

156 513 290 609 Molio,
318 513 418 614 quod
440 511 687 589 Athenienses
716 512 749 586 ei
770 506 832 607 qui
851 507 958 582 illum
976 507 1188 603 occideret,
1223 507 1441 582 talentum
1459 505 1559 581 datm

155 640 199 714 iri
230 639 352 715 edicto
381 636 732 740 pronunciaverint,
764 643 894 735 utpote
923 633 985 733 qui
1014 659 1142 710 eorum
1174 633 1389 734 mysteria
1417 631 1559 708 deridere
1595 638 1602 737 i

157 765 354 841 ferebatur.
700 800 701 803 ¹

731 864 807 948 M
825 862 967 946 1082.

261 976 304 1111 In
335 1034 522 1109 Eleusinio
551 1033 778 1110 consedebat
805 1043 956 1110 senatus
985 1029 1165 1132 postridie
1209 1031 1521 1130 mysteriorum,
1546 1059 1558 1106 e

155 1160 238 1261 lego
257 1157 417 1235 Solonis.
447 1158 541 1237 Vide
562 1153 595 1261 ξ.
617 1162 679 1236 96.

733 1314 810 1399 Μ
826 1315 968 1397 1084.

263 1483 545 1583 Epraesoripto
569 1480 694 1580 legum
714 1480 882 1557 Platonis
911 1480 1021 1574 (764,
1041 1480 1093 1571 Β)
1123 1480 1198 1555 lori
1232 1480 1432 1581 magistri
1463 1477 1558 1584 (dyo-

155 1601 340 1701 ρανόμοι)
361 1605 501 1706 templa
519 1606 736 1705 sontesque,
762 1607 824 1706 qui
843 1606 882 1680 in
901 1607 983 1681 foro
1003 1616 1108 1697 sunt,
1138 1616 1309 1699 cernent,
1344 1635 1400 1681 ne
1423 1609 1504 1708 quis
1519 1609 1557 1683 in·

149 1732 272 1830 juriae
294 1732 495 1830 quidquam
514 1732 668 1826 inferat,
688 1733 910 1808 inferentem
929 1741 1056 1809 autem
1074 1729 1262 1830 puniant,
1300 1731 1338 1805 si
1361 1759 1500 1808 servus
1516 1736 1559 1808 vel

153 1857 373 1956 peregrinus
391 1867 457 1948 est,
477 1855 696 1932 verberibus
717 1869 753 1932 ot
772 1853 938 1951 vinculis,
959 1857 1016 1931 sin
1034 1855 1229 1951 indigena,
1253 1883 1397 1956 usque
1422 1859 1473 1934 ad
1492 1887 1558 1935 cen·

153 1994 231 2056 tum
251 1982 444 2057 drachmas
473 1981 543 2082 ipsi
573 1992 797 2082 potestatem
826 1981 990 2058 habeant
1017 1981 1248 2074 mulctandi,
1284 2010 1425 2084 usque
1446 1987 1494 2060 ad
1512 1985 1560 2060 du-

152 2108 255 2208 plum
285 2133 373 2182 vero
401 2133 476 2182 una
503 2133 588 2182 oum
615 2109 718 2185 urbis
748 2108 935 2207 magistris
965 2098 1083 2201 (μετὰ
1103 2099 1388 2203 ἀστυνόμων)
1404 2112 1561 2212 judicent

152 2234 405 2333 mulctentque
424 2245 653 2333 peccantem.

258 2375 352 2450 Item
372 2375 482 2470 (907,
504 2376 555 2468 E)
584 2376 615 2451 si
642 2377 724 2475 quis
752 2378 928 2477 pietatem
956 2374 1071 2451 violat
1093 2375 1224 2451 verbis
1245 2381 1320 2454 vel
1343 2382 1486 2480 factis,
1514 2385 1562 2484 qui

151 2501 353 2577 intervenit
370 2500 568 2604 prohibeto
586 2502 864 2602 magistratibus
884 2502 1061 2578 indicium
1079 2500 1238 2598 faciens,
1261 2508 1560 2606 magistratuum

152 2639 275 2705 autem
295 2628 357 2728 qui
375 2628 485 2728 primi
504 2628 741 2723 resolverint,
770 2655 850 2704 rom
868 2627 915 2704 ad
938 2627 1123 2729 judicium
1151 2627 1389 2711 deferunto.
1431 2636 1474 2713 Si
1495 2639 1561 2737 quis

151 2762 276 2828 autem
302 2753 541 2850 magistratus
570 2779 609 2829 re
638 2764 833 2855 comperta
860 2780 966 2830 secus
996 2752 1104 2848 facit,
1133 2752 1218 2852 ipse
1240 2754 1473 2858 impietatis
1493 2789 1561 2840 reus

151 2886 230 2953 esto
258 2879 363 2977 leges
390 2879 518 2954 ulcisci
548 2880 700 2957 volenti.
740 2879 779 2956 Si
797 2882 880 2982 quis
897 2890 1022 2958 autem
1047 2880 1340 2961 condemnatus
1362 2900 1449 2985 est,
1473 2892 1560 2992 judi-

151 3001 247 3076 cium
267 3003 423 3100 singulis
443 3005 672 3103 singulorum
691 3006 804 3106 impie
824 3007 932 3083 factis
960 3005 1126 3104 singulas
1149 3031 1306 3106 poenas
1330 3018 1561 3094 constituito.

164 3219 169 3230 ,
257 3145 399 3223 Petitus
417 3148 457 3220 in
477 3149 641 3246 Legibus
661 3149 794 3229 Atticis
814 3153 860 3246 (I,
885 3152 919 3245 l,
941 3152 985 3243 6)
1005 3151 1103 3227 hanc
1123 3176 1283 3252 quoque
1306 3156 1475 3236 laudat:
1503 3156 1562 3233 τὸν

150 3259 299 3343 ἁλόντα
319 3265 545 3345 ussedom
563 3277 606 3347 ἐν
625 3269 679 3370 τῷ
703 3277 847 3370 τεμένει
874 3270 946 3346 τοῦ
971 3267 1225 3360 ’Λπόλλωνος
1257 3279 1424 3358 ἑαυτὸν
1443 3283 1561 3360 αἰτιά-

151 3399 295 3468 σασθαι
314 3399 382 3469 καὶ
404 3391 602 3487 θνήσκειν.
632 3398 695 3493 (Ιά
714 3412 789 3477 est:
818 3401 891 3493 Qui
910 3401 949 3475 in
967 3401 1059 3475 aede
1080 3398 1274 3502 Apollinis
1296 3421 1491 3492 ventrem
1509 3444 1561 3492 ex·

151 3525 384 3619 oneraverit,
413 3548 452 3600 se
471 3524 592 3624 ipsum
610 3524 805 3624 injudicio
826 3524 987 3621 deferat,
1016 3526 1123 3626 eique
1143 3527 1294 3626 capital
1316 3540 1446 3631 esto.)

256 3667 315 3742 De
333 3666 405 3745 hac
422 3692 463 3743 re
486 3667 645 3765 legimus
675 3666 774 3768 apud
794 3666 947 3744 Suidam
974 3695 1003 3743 s.
1024 3695 1059 3744 v.
1087 3670 1131 3739 ἐν
1151 3669 1318 3771 Πυθίῳ
1333 3705 1350 3748 .·
1382 3707 1476 3761 eum
1494 3687 1561 3786 qui.

149 3795 233 3869 dam
263 3791 479 3893 Apollinem
508 3803 792 3869 contemnerent
820 3805 857 3868 et
884 3795 923 3869 in
953 3795 1032 3895 ejus
1055 3795 1146 3870 fano
1165 3809 1358 3879 ventrem
1380 3834 1559 3888 exonera·

148 3928 251 4012 rent,
281 3918 495 3995 Pisistratus
513 3919 597 4018 lege
616 3920 693 3996 lata
712 3920 871 4022 capitale
898 3921 1121 4022 supplicium
1148 3921 1188 3995 in
1219 3949 1317 4004 eum
1340 3938 1559 4028 constituit,

150 4044 269 4142 quiin
288 4044 359 4119 isto
380 4045 545 4121 facinore
565 4043 918 4148 deprehenderetur.
957 4045 1032 4123 Sed
1051 4070 1181 4121 omnes
1201 4048 1244 4124 id
1268 4053 1452 4137 edictum
1471 4063 1557 4140 deri-

150 4167 300 4245 debant.
321 4213 371 4223 -
391 4168 559 4273 Populus
587 4171 699 4270 igitur
725 4196 801 4246 non
828 4172 958 4248 tribuit
988 4173 1064 4249 vim
1081 4173 1177 4271 legis
1198 4175 1337 4257 edicto
1360 4184 1557 4267 Pisistrati.

149 4294 247 4369 Hinc
266 4321 336 4372 nec
355 4306 478 4397 potest
497 4325 565 4399 pro
582 4298 665 4399 lege
686 4296 809 4378 Attica
827 4299 967 4375 haberi.

723 4509 798 4593 Ad
816 4512 958 4593 toea.

257 4670 447 4748 Demosth.
469 4674 554 4751 adv.
575 4675 721 4776 Leptin.
743 4678 841 4752 498:
871 4675 974 4748 ἔστιν
993 4665 1089 4770 ὑμῖν
1107 4670 1230 4774 νόμος
1251 4675 1452 4784 ἀρχαῖος,
1481 4720 1550 4765 χα-

148 4795 221 4882 λαῖς
250 4792 327 4873 τῶν
356 4793 583 4872 δοκούντων
612 4801 736 4894 ἔχειν·
774 4797 842 4877 ἐάν
870 4831 925 4887 τις
951 4792 1220 4900 ὑποσχόμενός
1249 4807 1403 4902 arada
1429 4813 1548 4916 δῆμον

148 4918 383 5019 ἐξαπατήσῃ,
411 4927 584 5022 κρίνειν,
611 4918 692 5001 κᾶν
710 4917 816 5026 ἁλῷ,
847 4923 1008 5026 θανάτῳ
1027 4923 1207 5027 §madri
1235 4942 1248 5016 1
1396 4940 1546 5035 obim-

146 5061 205 5128 tus
221 5051 301 5148 lex,
332 5053 613 5154 eprobatarum
639 5079 816 5134 numero:
845 5055 877 5131 si
902 5055 984 5158 quis
1011 5052 1052 5135 ah
1520 5090 1545 5143 r..
