3404 5782
152 376 230 456 ¹122
522 397 829 452 commaneamus
850 398 903 450 un
922 393 967 451 as.
988 393 1032 452 su.
1052 389 1097 451 aa.
1118 394 1161 451 ss.

150 593 290 687 solum,
319 617 450 668 verum
476 591 562 669 dote
592 593 705 669 etiam
732 592 945 670 tenuiorum
973 591 1119 668 filiabus
1148 590 1393 667 eonferenda
1415 603 1458 668 et
1479 616 1565 669 aere

150 719 273 797 alieno
304 716 503 812 solvendo,
535 717 754 820 obsequiose
782 719 1117 820 prosequebantur.
1155 717 1392 794 Testimonii
1426 719 1563 794 adver-

150 872 213 927 sus
232 852 432 947 patronum
452 844 594 942 clienti,
614 843 674 921 vel
693 831 1053 947 patrono'adversus
1073 840 1246 920 clientem
1265 843 1439 922 dicendi
1459 845 1565 921 nulla

150 969 265 1068 legis,
296 968 401 1048 nulla
428 969 666 1070 magistratus
694 970 838 1048 coactio
862 981 951 1047 erat.
989 969 1127 1047 Postea
1144 978 1271 1046 tamen
1291 971 1326 1046 si
1345 971 1565 1074 pecuniam

150 1095 385 1199 accepissent
401 1095 550 1199 patroni
569 1120 592 1172 a
610 1094 826 1192 clientibus,
855 1097 893 1174 id
925 1106 1034 1199 turpe
1063 1093 1193 1176 haberi
1219 1097 1353 1203 coepit
1376 1106 1422 1176 et
1442 1096 1564 1176 sordi-

151 1217 251 1308 dum.
290 1216 766 1322 (Plutarchltomul.
788 1221 871 1315 13.)

751 1433 827 1517 Ad
855 1434 935 1518 ΞΘ.

259 1600 392 1680 Snidas
411 1628 439 1679 s.
459 1630 494 1678 v.
509 1600 737 1698 μιτοίκιονε
765 1600 908 1681 Comici
925 1601 1129 1702 inquilinos
1148 1577 1348 1680 vocabant
1369 1604 1567 1708 scaphiis

154 1755 236 1825 ros,
265 1727 365 1838 quod
383 1728 422 1806 in
441 1727 588 1831 pompis
607 1727 765 1830 scaphas
785 1726 880 1804 ferre
900 1726 1072 1804 solerent

753 1953 934 2039 ΑΗΘ.

254 2120 472 2228 Xenophon
502 2120 593 2197 dicit
620 2119 686 2216 (de
714 2119 895 2219 vectig.
926 2121 974 2216 II,
996 2121 1060 2213 5):
1090 2120 1220 2221 quodsi
1240 2148 1335 2199 cum
1357 2123 1567 2227 inquilinis

148 2248 459 2326 communicemus
478 2257 627 2350 praeter
644 2245 735 2344 aha,
756 2257 968 2348 quaerente
989 2246 1343 2344 communicantur,
1367 2252 1498 2330 etiam
1516 2257 1567 2332 rei

149 2372 328 2475 equestris
348 2400 475 2450 usum:
503 2375 662 2451 arbitror
680 2399 748 2450 nos
767 2373 805 2449 id
825 2374 1034 2466 effecturos,
1056 2381 1097 2447 ut
1115 2372 1234 2473 magis
1253 2374 1474 2457 benevolo
1493 2381 1568 2458 sint

149 2499 293 2597 animo,
314 2510 353 2577 et
370 2500 500 2578 civitas
520 2500 660 2578 viribus
679 2511 861 2600 augeatur
878 2498 1073 2597 majorque
1094 2497 1284 2576 reddatur.

255 2645 355 2724 Hine
383 2644 590 2744 colligitur,
630 2654 752 2721 aetate
785 2641 1048 2744 Xenophontis
1085 2641 1291 2743 inquilinos
1323 2672 1417 2727 non
1449 2651 1563 2731 tirisse

149 2771 349 2880 participes
367 2770 421 2849 rei
440 2767 631 2872 equestris.

752 2885 829 2969 Ad
856 2890 938 2973 32.

255 3054 504 3157 Harpocratio
524 3080 551 3129 s.
564 3080 598 3128 v.
620 3047 790 3147 ἰσοτιλῂς
809 3056 878 3126 καὶ
899 3055 1103 3128 trustino:
1123 3054 1196 3132 Hic
1214 3069 1299 3134 erat
1318 3059 1459 3142 honor
1478 3068 1556 3169 qui.

149 3182 254 3277 dam,
285 3207 358 3280 quo
377 3178 583 3280 inquilinis,
612 3179 676 3279 qui
703 3179 809 3279 digni
834 3205 914 3256 esse
939 3181 1172 3277 viderentur,
1201 3183 1422 3287 tributum,
1454 3193 1555 3292 quod

148 3306 312 3411 pendere
337 3303 582 3399 tenebantur,
613 3306 872 3382 remitteretur.
913 3305 1073 3382 Eosdem
1091 3318 1214 3384 autem
1232 3312 1379 3389 ceteris
1401 3343 1551 3420 quoqne

150 3432 347 3526 oneribus,
368 3456 462 3532 quae
482 3431 653 3530 inquilini
671 3433 933 3534 praestabant,
958 3434 1141 3509 immunes
1161 3434 1296 3528 fnisse,
1318 3436 1550 3545 Theophra-

149 3568 227 3636 stus
245 3556 338 3633 dixit
355 3556 451 3632 libro
471 3557 517 3633 de
537 3556 683 3655 legibus
704 3556 910 3635 undecimo.
948 3557 1055 3635 Idem
1083 3558 1239 3657 integris
1268 3587 1431 3666 qnoque
1461 3568 1547 3643 civi.

149 3683 288 3761 tatibus
307 3681 493 3759 interdum
510 3683 780 3761 immunitatem
792 3682 1040 3761 Athenienses
1060 3681 1268 3763 decrevisse
1288 3689 1358 3786 ait,
1369 3691 1544 3794 ntOlyn·

150 3807 236 3886 thiis
255 3820 293 3884 et
311 3807 513 3884 Thebanis.

257 3950 391 4029 Suidas
420 3979 449 4030 s.
468 3979 503 4028 v.
534 3949 734 4034 ἰσοτιλιῖςε
774 3951 847 4044 Qui
875 3953 981 4054 paria
1009 3977 1094 4029 cum
1123 3952 1268 4032 civibus
1297 3957 1453 4040 tributa
1479 3963 1543 4042 rei.

148 4076 316 4185 publicae
336 4077 515 4181 pendunt.

748 4196 824 4280 Ad
852 4199 933 4283 ³0.

256 4367 436 4445 Pollux
465 4367 550 4464 VH,
582 4366 651 4442 15:
680 4366 725 4444 In
744 4365 877 4444 Atticis
901 4367 1070 4445 Decretis
1098 4369 1266 4446 invenire
1295 4372 1412 4453 licet:
1443 4372 1538 4454 εἶναι

150 4488 258 4592 αὐτῷ
284 4493 438 4567 οἰκείαν
465 4482 608 4581 ὄνησιν
635 4495 736 4587 (esse
757 4493 790 4568 ei
810 4493 1038 4593 emptionem
1067 4492 1344 4590 domesticam).
1387 4501 1467 4581 Sed
1485 4532 1537 4582 se·

151 4619 313 4698 cundum
342 4618 641 4696 emendationem
659 4617 789 4694 Meieri
817 4619 1022 4714 (Demen
1051 4643 1144 4695 von
1172 4619 1356 4702 Attica
1387 4655 1427 4729 p.
1448 4633 1537 4724 42):

150 4742 249 4823 εἶναι
269 4738 376 4843 αὐτῷ
395 4743 543 4827 οἰκείας
563 4741 743 4844 ἔγκτησιν
762 4746 861 4837 (esse
881 4744 914 4818 ei
928 4744 991 4844 jus
1010 4743 1142 4820 domus
1160 4746 1452 4849 possidendae).

256 4887 501 4968 Demosth.
527 4889 582 4965 de
602 4886 850 4987 Coronap.
872 4889 960 4981 256,
982 4890 1026 4964 6:
1055 4891 1203 4990 plaeere
1222 4894 1372 4993 populo
1392 4897 1535 5001 Byzan.

150 5020 286 5097 tiorum
304 5027 343 5095 et
359 5012 652 5108 Perintbiorum,
680 5023 722 5087 ut
739 5009 1032 5090 Atheniensibus
1061 5013 1167 5091 detur
1188 5016 1253 5116 jus
1282 5043 1470 5118 agrorum
1498 5052 1537 5104 ac

151 5144 328 5227 domuum
345 5139 656 5254 possidendorum
673 5138 881 5245 (ἔγκτασιν
898 5136 969 5244 γᾶς
987 5142 1056 5214 καὶ
1076 5136 1242 5234 οἰκιᾶν).
