3436 5790
684 435 928 487 sus'rruarro.
1415 401 1497 474 185⁴

159 539 186 576 Ὀ

756 626 843 700 752.
859 629 864 635 “

224 759 268 834 In
287 755 473 833 delatione
502 753 641 828 mulcta
665 753 858 828 aestimata
875 749 983 826 datur
1001 750 1137 851 injuria
1158 747 1318 839 affectis,
1348 744 1490 819 etiamsi

120 882 208 959 alius
227 881 377 957 nomine
397 880 560 980 ipsorum
580 876 806 954 delationem
825 875 961 954 fecerit.
985 890 991 901 ’

215 1157 268 1239 ‘0
286 1160 438 1238 διώκων
451 1159 696 1261 χρηματικήν
713 1187 801 1236 τινα
819 1157 936 1250 δίκην
949 1155 1003 1257 μὴ
1019 1157 1250 1258 μεταλαβών
1260 1158 1304 1234 τὸ
1320 1166 1491 1235 πέωπτον

117 1296 223 1386 μέρος
246 1287 324 1363 τῶν
343 1286 485 1389 φὴφων
495 1345 505 1378 ,
525 1284 594 1378 τὴν
611 1290 826 1387 ἐπωβελίαν
845 1283 1188 1386 προσοφλισκάνει·
1219 1287 1295 1360 ἔστι
1316 1283 1354 1362 δὲ
1375 1293 1491 1362 ἕκτον

120 1415 188 1490 τοι]
205 1410 421 1514 τιμήματος.

261 1526 314 1621 (Ε
333 1524 460 1603 lexicis
479 1523 715 1628 Segucrianis
735 1552 771 1626 p.
792 1524 890 1621 2553
910 1532 947 1600 ct
966 1548 986 1599 e
1006 1520 1156 1600 Polluce
1177 1522 1280 1620 V111,
1301 1524 1384 1619 48.)

763 1683 852 1758 753.

223 1813 295 1906 Qui
314 1813 354 1887 in
373 1812 631 1912 persequenda
657 1811 802 1887 actione
831 1810 977 1912 privata
1006 1836 1081 1888 non
1110 1811 1249 1911 potitur
1267 1812 1396 1912 quinta
1413 1813 1488 1888 suf-

119 1940 319 2038 fragiorum
337 1948 453 2037 parte,
474 1937 681 2037 epobeliam
702 1933 891 2037 persolvit,
911 1947 1077 2036 quaeest
1091 1948 1198 2011 sexta
1216 1937 1373 2013 mulctae
1394 1963 1490 2037 pars.

761 2096 849 2174 754.

216 2214 422 2317 Ὄπότερος
459 2215 509 2295 ἂν
546 2227 588 2295 ἐν
626 2219 669 2317 τῇ
709 2219 941 2324 παραγραφῇ
980 2212 1143 2315 isaurici,
1182 2216 1252 2310 τὴν
1279 2223 1492 2318 ἐπωβελίαν

120 2343 298 2440 ὀφείλειν.
743 2349 916 2441 (Isocrat.
936 2347 1019 2422 adv.
1040 2345 1251 2423 Callimach.
1273 2343 1306 2447 ξ.
1327 2348 1385 2442 3.)

761 2507 856 2584 754..

222 2619 316 2696 Uter
334 2620 373 2697 in
399 2618 617 2719 exceptione
647 2616 901 2711 succubuerit,
929 2618 959 2694 is
987 2627 1130 2693 sextam
1158 2616 1316 2693 mulctae
1344 2614 1490 2718 partem

119 2745 249 2822 solvat.

757 2846 847 2924 755.
940 2857 943 2861 ’

222 2973 423 3073 Λαμβάνει
455 2969 491 3047 δὲ
522 2964 542 3047 ὁ
573 2970 729 3076 φεύγων
755 2968 831 3047 ἆπὸ
860 2973 930 3048 τοὺ
956 2970 1187 3068 διώκοντος,
1216 2976 1252 3047 οἰ
1278 2968 1348 3062 τήν
1376 2970 1491 3064 δίκην

119 3094 337 3205 ἀποφεύγει.
740 3099 911 3194 (Bekker
933 3099 1073 3177 Anecd.
1092 3126 1148 3199 gr.
1168 3098 1196 3177 Ι.
1216 3127 1251 3200 p.
1273 3100 1383 3193 256.)

760 3262 848 3335 755.

221 3370 366 3472 Accipit
395 3395 482 3445 vero
510 3369 720 3470 cpobeliam
747 3393 831 3444 reus
860 3367 907 3444 ab
937 3377 1082 3463 actore,
1113 3370 1142 3444 si
1170 3394 1282 3445 causa
1301 3367 1491 3446 absolutus

119 3494 234 3572 fuerit.
723 3571 726 3577 .

758 3603 845 3679 756.

218 3721 316 3800 ’Edu
333 3721 490 3816 ἐπεξιών
507 3754 561 3812 τις
576 3721 630 3823 μὴ
646 3722 844 3824 μεταλάβῃ
863 3721 907 3800 sd
920 3730 1091 3823 πέμπτον
1105 3731 1217 3828 μέρος
1236 3723 1315 3800 τῶν
1335 3722 1488 3824 φὴφων,

114 3855 241 3944 χιλίας
261 3848 479 3940 ἀποτίνων,
508 3844 588 3925 κᾶν
608 3848 661 3950 μὴ
683 3856 831 3949 ἐπεξίῃ,
855 3855 986 3947 χιλίας
1005 3856 1149 3950 ἑτέρας,
1177 3856 1242 3926 ἵνα
1257 3849 1349 3948 μήτε
1370 3876 1490 3925 συκο-

116 3977 240 4075 φαντῄ
264 3977 394 4076 μηδεὶς
417 3977 505 4079 μήτ’
534 3971 670 4056 ἄδειαν
697 3982 799 4075 ἤρων
824 3981 1017 4084 ἐργολαβῇ
1045 3987 1115 4055 καὶ
1143 3984 1342 4075 καθυφοίη
1360 3978 1407 4054 τὰ
1427 3981 1491 4072 τῆς

118 4099 264 4190 πόλεως.
745 4108 959 4203 (Demosth.
980 4135 1011 4184 c.
1031 4109 1228 4187 Theocrin.
1253 4109 1386 4202 1323.)

760 4268 848 4346 756.

218 4375 258 4450 Si
277 4377 359 4475 quis
378 4378 564 4454 actionem
593 4391 829 4478 persecutus,
857 4378 1025 4477 quintam
1058 4379 1318 4477 suffragiorum
1346 4393 1491 4480 partem

114 4523 185 4574 non
205 4501 340 4593 tulerit,
360 4502 460 4576 millc
481 4501 677 4577 drachmas
696 4503 826 4580 solvat.
851 4503 890 4579 Si
911 4530 985 4578 non
1006 4515 1255 4603 persequatur,
1276 4505 1367 4580 alias
1377 4505 1487 4595 mille,

116 4636 154 4698 ut
181 4651 250 4700 nec
279 4625 582 4703 calumniatorem
610 4641 698 4726 agat
726 4628 921 4728 quisquam
950 4655 1019 4703 nec
1048 4629 1269 4729 impunitate
1299 4632 1490 4733 proposita

113 4761 304 4847 quaestum
320 4750 432 4827 faciat
450 4761 487 4828 ct
505 4755 780 4853 praevaricetur
797 4755 950 4855 publica
967 4755 1126 4854 nogotia

754 4913 842 4990 757.

215 5037 266 5107 Εἰ
283 5033 320 5110 δὲ
340 5024 361 5110 ri
383 5034 595 5139 κατήγορος
619 5035 907 5137 μεταλαμβάνοι
934 5035 979 5112 τὸ
1008 5046 1202 5138 πέμπτον,
1234 5033 1387 5129 ἡττᾶται
1402 5044 1449 5137 με’
1455 5070 1488 5129 ν,

114 5154 158 5232 οὐ
173 5156 255 5257 μὴν
275 5161 484 5259 ζημιοῦται.
532 5165 675 5260 (Schol.
698 5168 736 5243 in
755 5168 947 5246 Demosth.
960 5167 1177 5247 Androtion.
1199 5168 1287 5266 593,
1299 5170 1383 5264 24,)
1498 5204 1505 5241 ·.
