3436 5790
196 395 279 479 hid
535 417 845 473 οοιιιιτατιαιοτ
866 418 918 469 an
938 414 1000 471 τα.
1021 413 1083 471 τω.
1103 413 1165 472 τα.
1187 416 1249 474 rao.

789 641 1000 731 Διὶ-713.

308 816 435 896 Simile
455 814 543 918 quid
562 813 702 894 habeut
720 810 870 893 Scholia
897 815 936 892 in
963 815 1154 895 Demosth.
1178 818 1261 898 fals.
1282 819 1396 923 legat.
1417 818 1509 916 3⁷8,
1531 813 1594 913 18,

201 942 295 1021 etin
314 942 540 1039 Midianam‚
569 940 658 1037 541,
679 939 742 1017 23.

791 1094 868 1183 Ad
900 1098 1006 1183 ⁷15.

307 1264 554 1345 Demosth.
582 1264 632 1341 in
660 1261 870 1361 Midiam.
900 1291 937 1365 p.
962 1264 1061 1349 529:
1090 1263 1381 1345 Thesmothetae
1403 1266 1595 1344 actionem

203 1393 303 1497 apud
323 1392 518 1471 Heliaeam
537 1389 626 1500 dent
644 1388 742 1473 intra
760 1386 839 1465 dies
867 1387 1040 1489 triginta,
1070 1390 1119 1466 ab
1139 1415 1183 1477 eo
1203 1389 1281 1486 die,
1312 1419 1387 1494 quo
1406 1393 1595 1469 accusatio

199 1492 317 1597 allata
344 1518 477 1613 fuerit,
506 1515 577 1591 nisi
606 1511 799 1616 publicum
825 1509 964 1614 aliquid
992 1513 1191 1615 impediat,
1220 1528 1299 1594 tum
1329 1545 1419 1595 vero
1449 1529 1491 1595 ut
1519 1519 1595 1622 pri·
1671 1584 1675 1591 .

202 1671 305 1723 mum
321 1642 401 1721 deri
420 1651 553 1745 potest.
874 1630 876 1636 ’

792 1741 881 1825 Ad·
899 1743 1006 1825 717.

311 1913 461 1996 Bekker
479 1912 696 2012 Aneodegr.
716 1914 745 2008 l,
766 1912 864 1986 200:
881 1902 933 1982 ’A
942 1904 1214 2012 ντιγραφή·
1236 1907 1341 1999 ι’δὶως
1354 1912 1430 2011 μὲν
1448 1916 1492 1988 ἐν
1510 1919 1595 1999 ταῖς

192 2039 281 2131 ,τῶν
298 2035 451 2137 κλήρων
471 2031 729 2122 διαδικασίαις
748 2026 966 2138 ἀντιγραφή
987 2040 1183 2124 καλεῖται,
1212 2029 1311 2111 ὅταν
1328 2067 1406 2128 τις,
1432 2029 1597 2123 ἄπαιδος

204 2159 318 2253 ὄντος
336 2159 407 2240 rod
432 2157 763 2253 τετελευτηκότος,
794 2157 919 2260 ἑαυτῷ
948 2157 1083 2258 φάσκῃ
1116 2160 1324 2262 προσήκειν
1350 2160 1423 2240 τὸν
1450 2161 1599 2262 κλήρον

203 2288 306 2367 κατά
327 2288 436 2368 δόσιν
455 2283 480 2380 ή
497 2282 600 2364 κατά
618 2293 747 2393 γένος·
775 2284 920 2389 κορνῶς
939 2283 983 2365 δι’
999 2293 1103 2364 ἐστιν
1121 2284 1339 2393 ἀντιγραφή
1370 2296 1414 2366 ἐν
1431 2299 1515 2379 ταῖς
1534 2286 1598 2364 dl·

203 2447 292 2511 καις
309 2426 392 2505 ταῖς
411 2412 610 2517 δημοσίαις
637 2417 731 2514 (καὶ
749 2421 832 2500 ταῖς
851 2409 988 2512 ἰδίαις)
1016 2408 1065 2488 soi
1085 2415 1164 2491 τῶν
1183 2412 1450 2518 δικαζομένων
1469 2410 1597 2521 γράμ-

200 2572 308 2645 ματα
327 2539 501 2645 περὶτοῦ
522 2537 754 2644 πράγματος,
773 2536 935 2615 καὶτοῦ
955 2535 1172 2645 φαύγοντος
1189 2544 1260 2619 καὶ
1278 2536 1349 2618 τοῦ
1371 2539 1597 2630 διώκοντος.

66 2690 72 2704 ·
190 2670 379 2774 (Proprie
399 2669 438 2750 in
448 2667 780 2772 disceptationibus
798 2665 1048 2746 hereditatum
1059 2660 1277 2770 ἀντιγραφή
1290 2682 1455 2770 vocatur,
1476 2696 1593 2773 quum

205 2797 288 2897 quis
306 2795 550 2874 hereditatem
570 2794 746 2895 alicujus,
767 2793 829 2895 qui
848 2793 928 2870 sine
947 2793 1073 2872 liberis
1092 2807 1258 2875 mortuus
1277 2807 1356 2891 est,
1384 2797 1432 2876 ad
1451 2822 1491 2874 se
1511 2823 1596 2900 per·

203 2925 323 2999 tinere
353 2923 452 3000 dicat
479 2948 547 3024 per
575 2921 817 3003 donationem
842 2923 904 2998 vel
923 2948 943 2999 e
962 2924 1297 3024 consanguinitate.
1338 2923 1597 3004 Oommuniter

204 3061 330 3126 autem
349 3039 566 3147 ἀντιγραφή
595 3044 769 3122 dicuntur
794 3042 835 3120 in
864 3046 991 3124 litibus
1019 3047 1181 3149 publicis
1200 3058 1237 3127 et
1261 3049 1417 3153 privatis
1446 3046 1596 3149 litigau-

203 3175 317 3268 tium,
346 3182 384 3249 et
401 3171 566 3249 accusati
584 3182 623 3248 et
640 3172 867 3268 accusantis,
887 3171 1027 3273 scripta
1043 3171 1090 3264 de
1111 3200 1150 3251 re
1170 3177 1444 3269 contrnversa.)

313 3314 420 3395 Idem
437 3312 552 3393 habet
568 3340 606 3416 p.
626 3315 725 3412 4103
753 3315 817 3393 ubi
835 3315 907 3392 sub
926 3341 1018 3393 vooe
1038 3308 1311 3417 ἀπεγράψατο
1336 3317 1431 3397 haec
1448 3342 1596 3419 quoque

204 3440 402 3542 leguntur:
431 3440 502 3513 καὶ
523 3432 762 3542 ἀντιγραφαὶ
781 3442 850 3515 καὶ
870 3435 1109 3539 ἀντωμοσίαι
1128 3436 1272 3538 σχεδὸν
1289 3442 1329 3517 αῖ
1349 3436 1477 3518 αὐταί.

312 3582 453 3665 Pollux
473 3583 579 3683 VIII,
591 3584 663 3661 58:
685 3577 929 3688 Ἀντιγραφή
948 3598 1005 3665 est
1022 3586 1284 3685 reoriminatio‚
1303 3612 1391 3666 cum
1409 3588 1492 3688 quis
1510 3612 1596 3665 reus

203 3715 284 3820 ipse
304 3713 468 3791 vicissim
486 3723 648 3790 accusat.
669 3769 678 3789 .
699 3770 708 3789 .
728 3769 737 3789 .
758 3712 911 3790 Ponunt
928 3738 1020 3791 vero
1038 3710 1110 3789 hoc
1129 3713 1288 3791 actionis
1305 3733 1450 3790 nomen·
1464 3723 1597 3789 contra

204 3840 498 3939 tergiversantes
527 3836 638 3915 simul
665 3837 833 3938 actiones
862 3838 974 3941 ipsas.
1023 3837 1148 3915 Etiam
1174 3837 1227 3914 rei
1253 3838 1436 3942 scriptum
1465 3848 1597 3914 contra

207 3965 486 4044 accusationem
506 3973 563 4040 est
580 3962 826 4041 recrimiustio
846 3962 925 4040 sive
944 3955 1175 4066 ἀντιγραφή.

312 4105 517 4210 Exemplar
544 4105 656 4208 hujus
684 4097 922 4208 ἀντιγραφῆς
950 4116 1006 4185 est
1032 4106 1069 4182 in
1086 4107 1355 4186 Demosthenis
1379 4108 1547 4188 oratione
1568 4110 1596 4187 Ι.

206 4237 247 4314 in
264 4235 501 4337 Stephanum
519 4260 555 4336 p.
576 4231 692 4310 1115.

417 4367 419 4370 ’
784 4352 874 4449 ,Μ
894 4354 1009 4439 ⁷28.

310 4522 598 4626 Hyperides
634 4516 1040 4628 prolluxenippo
1070 4516 1107 4624 §e
1127 4519 1200 4598 ¹0:
1228 4523 1333 4603 Inter
1358 4533 1414 4601 tot
1443 4523 1598 4631 egregia

207 4649 367 4730 civitatis
384 4660 537 4729 nostrae
555 4627 727 4727 instituta
745 4649 835 4752 quid
854 4647 1047 4753 pulchrius
1066 4657 1141 4745 est,
1171 4646 1260 4751 quid
1278 4649 1454 4751 populari
1472 4675 1597 4745 rerum

208 4777 320 4854 statui
349 4773 654 4871 convenientius,
684 4800 795 4874 quam
823 4774 943 4853 cuivis
971 4774 1109 4852 civium
1136 4772 1325 4877 permitti,
1354 4786 1396 4851 ut
1414 4774 1598 4865 hominia

188 4903 276 4996 ‚lou
293 4927 363 4983 usu
380 4900 516 4996 alieno,
527 4899 591 4999 qui
608 4900 647 4976 in
666 4901 878 4979 certaminis
897 4899 1306 5004 periculumsdductus
1323 4898 1455 5002 ipsese
1467 4898 1596 4976 defeu-

218 5028 221 5040 '
269 5057 298 5109 ·e
318 5037 499 5129 nequeat,
529 5026 569 5101 in
595 5026 667 5104 hoc
695 5040 874 5129 suggestu
902 5027 1121 5125 auxilietur,
1150 5038 1188 5104 et
1213 5050 1308 5128 quae
1327 5027 1499 5105 incausa
1518 5028 1599 5129 ejus

329 5154 399 5231 sint
410 5157 558 5259 Judices
577 5156 762 5239 edoceat?
