3404 5782
632 395 942 450 consummatus
961 396 1014 450 ,sn
1033 394 1101 453 ose
1115 394 1180 452 eso.
1523 371 1604 450 507

211 582 290 659 ταῖν
308 582 597 685 δικαζομένων,
625 590 696 662 καί
723 594 1026 689 κατεσημαίνετο
1057 581 1079 665 ἀ
1109 595 1261 687 ἐχῖνος,
1289 591 1356 669 ἵνα
1369 585 1500 687 μηδείς
1518 616 1600 662 και

211 709 405 815 κουργηση
419 707 519 811 μετά
539 708 585 787 τά
605 707 708 804 άπαξ
726 711 999 813 ἐμβάλλεσθαι.
1036 718 1227 814 (Echinus
1246 729 1327 796 orat
1344 741 1458 820 capsa
1475 741 1600 810 aerea,

210 842 249 916 in
269 864 379 942 quam
408 842 620 921 testimonia
647 855 684 921 et
709 846 869 947 soriptae
892 848 1180 948 provocationes
1204 844 1468 948 injioiebantur
1485 866 1508 920 a
1525 842 1598 919 iiti-

211 971 407 1070 gantibus,
428 969 769 1073 obsignabaturque
789 973 960 1072 eohinus‚
980 977 1243 1077 nequisquam
1262 966 1522 1053 haudttientus
1539 990 1597 1046 ess

211 1107 287 1192 set,
316 1099 520 1198 postillam
537 1099 808 1200 injectionem.)

318 1222 431 1301 Teste
459 1224 615 1302 Nicolao
637 1224 872 1303 Damasoeno
902 1227 1102 1330 (fragm.
1125 1227 1222 1324 129)
1251 1224 1359 1327 Lycii
1386 1219 1598 1299 testimonia

210 1347 249 1422 in
269 1349 388 1427 causis
408 1374 485 1426 non
503 1350 675 1451 protinus
690 1349 881 1442 serebant,
910 1350 976 1430 sed
995 1363 1081 1454 post
1097 1376 1266 1432 mensem
1284 1351 1446 1430 demum

797 1560 875 1646 At
894 1564 1010 1651 000.

318 1726 656 1831 Harpocratio
683 1731 722 1806 in
749 1724 954 1816 Βάσανος.·
982 1730 1194 1834 Hyperides
1213 1723 1413 1828 βασάνους
1431 1725 1594 1830 appella-

210 1849 263 1924 vit
290 1852 546 1932 oonfessiones
574 1879 722 1932 reorum
750 1852 944 1934 tormentis
982 1883 1177 1959 expressas
1205 1856 1307 1933 etin
1334 1852 1480 1934 tabellis
1506 1877 1591 1954 per·

209 1976 379 2080 scriptas.

798 2082 875 2168 Ad
893 2087 1013 2170 000.

316 2245 510 2326 Formular
536 2248 814 2349 provocationis
840 2249 977 2351 legitur
1007 2252 1109 2353 apud
1136 2250 1428 2330 Demosthenem
1456 2252 1496 2328 in
1525 2249 1598 2326 Ne·

208 2397 335 2450 aeram
353 2401 389 2476 p.
413 2371 534 2451 138⁷:
566 2367 665 2449 Τάδε
693 2374 944 2472 προκαλεῖται
967 2367 1261 2474 Ἀπολλόδωρος
1285 2380 1495 2470 Στέφανον
1514 2374 1597 2469 περὶ

209 2483 266 2571 ὦν
284 2492 356 2588 τήν
373 2491 530 2600 γραφην
547 2500 778 2601 γέγραπται,
799 2500 967 2595 Νέαιραν
984 2504 1095 2590 ξένην
1114 2491 1241 2576 οὖσαν
1260 2496 1366 2600 ἀστρῖ
1385 2505 1597 2585 συνοικεῖν,

208 2627 358 2720 ἕτοιμος
385 2614 441 2697 ἀν
467 2618 536 2709 τάς
566 2623 806 2722 θεραπαίνας
834 2621 1153 2726 παραλαμβάνειν
1176 2621 1460 2728 τάςΝεαίρας,
1490 2614 1534 2709 ἀς
1553 2626 1600 2698 ἐκ

208 2745 406 2853 Μεγάρων
424 2747 570 2844 ἔχουσα
589 2740 709 2841 ἦλθε,
739 2745 916 2850 θρᾷτταν
934 2752 1003 2826 καί
1023 2754 1301 2844 Κοκκαλίνην,
1329 2755 1400 2827 καί
1419 2746 1464 2836 ἀς
1483 2742 1598 2825 ι’ίστε-

208 2901 280 2971 ρον
299 2869 401 2973 παρὰ
419 2870 613 2976 Στεφάνῳ
631 2871 841 2966 ἐκτήσατο,
871 2873 1038 2953 Ξεννίδα
1058 2880 1127 2954 καί
1146 2875 1335 2976 Δροσίδα,
1364 2872 1432 2964 τάς
1449 2871 1597 2961 εἰδυίας

208 2995 379 3099 ἀκριβεῖς
405 3003 489 3099 περί
515 2995 594 3076 τῶν
622 2996 773 3076 παίδων
799 2999 878 3080 τῶν
901 3003 1087 3103 Νεαίρας,
1118 2997 1178 3078 ὅτι
1198 2999 1247 3079 οὐ
1267 2997 1479 3098 Στεφάνου
1497 3002 1573 3078 είσί
1587 3007 1607 3090 ,’

210 3121 407 3224 Πρόξενός
424 3156 466 3204 τε
484 3117 506 3203 ὃ
526 3123 752 3220 τελευτήσας
769 3133 839 3203 καί
863 3124 1056 3228 Ἀρίστων
1080 3120 1103 3207 ὅ
1133 3129 1211 3207 νῦν
1229 3122 1285 3206 thr
1311 3134 1383 3204 καί
1403 3124 1596 3205 Ἀντιδω-

208 3249 312 3350 ρίδης
331 3242 353 3329 ὃ
373 3250 665 3352 σταδιοδρομῶν
680 3258 753 3328 καὶ
776 3252 916 3344 Φανώ,
944 3260 1006 3350 ἐφ’
1028 3244 1060 3356 ᾦ
1079 3286 1118 3332 τε
1135 3259 1347 3356 βασανίσαι
1365 3248 1505 3343 αάτάς·
1524 3258 1598 3330 καί

207 3381 246 3453 εἰ
256 3381 332 3475 μὲν
350 3369 585 3482 ὁμολογοῖεν
604 3383 651 3455 ἐκ
670 3377 883 3475 Στεφάνου
913 3376 1013 3456 εἶναι
1039 3386 1109 3457 καί
1128 3383 1295 3481 Νεαίρας
1318 3379 1483 3468 τούτους
1504 3375 1608 3468 rotie

208 3501 368 3594 παῖδας,
398 3502 617 3604 πεπρᾶσθαι
637 3507 808 3602 Νέαιραν
833 3497 937 3578 κατά
964 3499 1059 3591 τούς
1088 3502 1231 3604 νόμους
1257 3510 1328 3583 καί
1351 3502 1443 3592 τούς
1462 3502 1600 3593 παῖδας

207 3633 340 3722 ξένους
357 3625 476 3706 είναι·
504 3630 542 3704 εί
558 3626 597 3707 δὲ
619 3625 675 3728 μά
704 3620 938 3733 ὁμολογοῖεν
964 3634 1012 3705 ε’κ
1039 3626 1176 3721 ταύτης
1195 3626 1296 3707 εἶναι
1315 3625 1461 3718 αὐτούς
1471 3687 1483 3720 ,
1512 3622 1600 3706 ἀλλ’

207 3760 246 3847 ίξ
266 3758 390 3855 ἑτέρας
407 3749 597 3861 γυναικὸς
623 3749 759 3846 ἀστῆς,
789 3749 1033 3850 ἀφίστασθαι
1061 3754 1136 3832 τοῦ
1162 3751 1313 3861 ἀγῶνος
1341 3748 1492 3849 ἤθελον
1521 3753 1593 3832 τοῦ

209 3885 393 3979 Νεαίρας,
423 3883 493 3956 καί
512 3878 583 3955 είτι
603 3884 651 3958 ἐκ
678 3877 758 3957 τῶν
782 3877 969 3982 βασάνων
995 3883 1271 3981 βλαφθείησαν
1299 3883 1336 3957 oi
1364 3874 1594 3983 ἄνθρωποι,

209 4001 413 4083 ἀποτίνειν
431 4000 454 4082 ά
471 4035 508 4082 τι
526 4006 776 4107 βλαβείησαν.
1560 3998 1565 4007 ’

314 4134 358 4213 Id
378 4143 453 4213 est:
481 4135 592 4212 Hane
619 4135 927 4237 provooationem
953 4135 1025 4216 fert
1054 4134 1305 4240 Apollodorus
1323 4134 1517 4238 Stephano
1534 4158 1598 4217 ea·

207 4290 290 4341 rum
307 4289 433 4341 rernm
452 4288 587 4361 eausa,
616 4274 773 4367 propter
802 4288 893 4365 quaa
911 4265 1098 4343 actionem
1115 4261 1294 4342 adversus
1314 4288 1401 4341 eum
1417 4262 1596 4361 instituit,

206 4391 392 4469 Neaeram
409 4389 648 4492 peregrinam
666 4388 740 4465 εἰεί
759 4387 940 4490 nupsisse,
952 4397 1106 4491 paratus
1125 4388 1295 4492 aoeiper'e
1306 4386 1461 4467 auoillas
1474 4389 1595 4472 Noae·

206 4541 289 4612 rae,
319 4541 411 4617 quas
439 4513 503 4591 illa
522 4513 686 4614 Megaris
714 4539 841 4590 seoum
859 4511 1035 4610 adduxit,
1065 4513 1262 4591 'Phrattam
1281 4525 1319 4592 et
1338 4506 1595 4614 Ooooalinam,

207 4654 245 4720 et
263 4667 357 4744 quas
374 4650 508 4742 postea
525 4638 625 4741 apud
644 4637 878 4741 Stephanum
898 4638 1149 4739 comparavit,
1178 4640 1392 4720 Xennidem
1410 4653 1449 4718 et
1468 4641 1594 4722 Drosi-

207 4767 313 4861 dem,
341 4789 437 4868 quae
465 4790 546 4842 reru
574 4764 664 4842 satis
694 4765 885 4864 cognitam
904 4764 1087 4841 haberent
1106 4764 1152 4843 de
1173 4766 1339 4846 Neaerae
1359 4766 1502 4860 liberis,
1532 4794 1597 4846 eos

207 4889 390 4995 Stephani
408 4914 608 4985 noneste,
628 4890 842 4968 Proxenum
861 4901 1046 4966 mortuum
1067 4901 1105 4967 et
1124 4885 1337 4968 hristouem
1357 4894 1596 4993 superstitem

206 5013 523 5127 etennensium
547 5038 738 5094 onrsorem
768 5028 807 5092 et
826 5016 1086 5112 Phanaonem‚
1115 5017 1162 5093 ad
1182 5018 1449 5118 quaestionem.
1488 5020 1596 5115 Quae

206 5140 242 5223 ἀ
312 5126 318 5135 ’
369 5128 374 5135 ’
486 5136 715 5249 ”Stephano
744 5153 782 5219 et
799 5139 944 5217 Neaera
972 5167 1053 5218 esse
1082 5168 1146 5218 eoe
1174 5142 1331 5239 liberos,
1363 5132 1593 5225 vendendam
