3404 5782
148 362 227 439 432
521 384 834 440 ..remuneremus
852 385 906 437 sn
925 382 989 440 sos.
1009 385 1072 440 su.
1091 382 1159 441 ssa

147 574 275 679 pulsat
306 602 422 680 quum
437 587 563 655 autem
580 604 602 654 s
619 577 840 656 necessitate
867 578 1030 679 quadam
1056 581 1100 655 fit
1124 586 1370 671 conventus,
1401 570 1560 675 qnidam

148 704 410 783 circumeundo
429 704 669 795 convocant)

254 846 368 926 Teste
397 848 551 926 Polluce
581 846 706 942 (VIII,
738 847 837 941 116)
864 848 937 924 ista
963 847 1259 927 extraordinaria
1297 844 1474 939 concio,
1515 839 1558 918 sd

148 999 259 1072 quam
278 974 316 1049 in
334 974 434 1077 agris
453 999 601 1076 quoque
622 972 801 1072 degentes
820 974 1093 1070 evocabuntur,
1121 974 1321 1051 dicebatur
1343 969 1556 1056 κατακλη-

149 1099 212 1170 σία
232 1127 297 1177 seu
315 1100 547 1178 convocatio.
775 1127 805 1139 ··
890 1072 938 1136 ⁵²²
1111 1178 1113 1181 .

253 1242 460 1322 Scholiasta
484 1243 532 1321 ad
551 1241 747 1320 Aeschinis
764 1242 951 1322 Timarch.
972 1243 1065 1337 (60)
1095 1243 1184 1320 dicit
1210 1252 1292 1318 tres
1325 1240 1457 1317 fuisse
1487 1238 1556 1314 sin-

147 1367 236 1466 gulo
263 1394 391 1445 mense
419 1339 658 1471 principales¹
673 1368 883 1446 conciones.
921 1366 1024 1446 Idem
1053 1368 1141 1443 dicit
1168 1367 1387 1442 scholiasta
1419 1366 1465 1443 in
1486 1366 1555 1442 De-

147 1491 278 1569 mosth.
295 1492 496 1570 'limocrat
514 1494 624 1587 (7⁰6,
645 1494 689 1584 6)
709 1504 747 1568 et
765 1494 868 1570 addit
890 1493 1048 1594 primam
1068 1494 1287 1570 concionem
1310 1494 1555 1569 celebratam

147 1619 259 1695 fuisse
284 1618 502 1713 undecima,
531 1619 733 1720 secundam
761 1620 943 1718 vigesima
971 1631 1008 1695 et
1036 1621 1182 1696 tertiam
1209 1619 1422 1716 trigesima
1453 1645 1555 1694 men-

149 1745 200 1819 sis
228 1743 296 1820 die.

403 1956 408 1963 1
741 1849 817 1932 Ad
842 1850 950 1933 120.

253 2012 526 2117 Thucydid.
556 2015 660 2108 VIII,
685 2013 754 2089 97:
783 2012 1029 2090 Athenienses
1048 2014 1268 2090 concionem
1289 2015 1551 2114 cogebantin

147 2139 323 2241 Pnycem,
344 2141 407 2215 ubi
428 2141 537 2216 etiam
558 2141 648 2216 alias
667 2137 816 2214 comitis
834 2137 974 2214 habere
994 2151 1277 2216 consueverant.
1295 2183 1351 2242 *f
1371 2140 1438 2219 Ad
1457 2142 1552 2217 huno

147 2267 271 2342 locum
300 2267 490 2368 Poppo:
528 2322 533 2330 .
575 2325 579 2334 .
1369 2275 1382 2293 ”

256 2390 390 2492 ,Pnyx
408 2392 455 2468 ad
474 2392 808 2492 septentrionema
826 2388 977 2485 Museo,
994 2389 1092 2466 inter
1110 2388 1209 2490 quod
1227 2402 1265 2470 et
1286 2391 1478 2492 Pnycem
1497 2393 1551 2468 vis

146 2503 344 2595 Piraeeum
361 2516 528 2610 ferebat,
545 2516 652 2593 etad
670 2516 901 2593 occidentem
920 2514 968 2589 ab
988 2513 1187 2616 Areopago
1206 2499 1459 2618 spectabat“

255 2660 387 2736 Pollux
407 2659 510 2753 VIII,
533 2660 628 2736 132:
657 2659 766 2761 Pnyx
792 2658 896 2734 loeus
923 2668 1004 2733 erat
1024 2658 1136 2758 juxta
1164 2660 1403 2760 acropolim;
1434 2686 1549 2763 apps-

57 2818 60 2824 ⁴
147 2796 250 2863 ratus
269 2811 373 2861 more
394 2796 562 2860 vetustae
580 2785 847 2884 simplicitatis,
867 2810 945 2858 non
962 2784 1009 2860 ad
1029 2785 1163 2861 theatn'
1181 2785 1456 2887 splendorem.
1481 2837 1488 2852 ·

256 2928 499 3027 Harpocratio
518 2953 545 3003 s.
564 2954 600 3002 v.
623 2925 758 2998 Πυκνί
769 2953 778 3000 t
806 2924 996 3002 Clidemus
1015 2927 1051 3001 in
1071 2929 1328 3028 Protogeniae
1349 2932 1460 3010 libro
1479 2941 1546 3006 ter·

148 3054 219 3128 tio:
251 3044 461 3148 ,coierunt,
488 3051 626 3151 inquit,
646 3053 683 3127 in
703 3052 866 3151 Pycnem
886 3051 960 3144 (εἰς
983 3045 1153 3146 Πύκνα)
1173 3053 1226 3132 sic
1245 3052 1418 3153 dietam,
1452 3055 1544 3158 quod

149 3174 344 3252 multitudo
363 3175 494 3275 populi
512 3175 551 3249 in
569 3200 615 3251 ea
632 3175 788 3252 densata
808 3179 1072 3272 (πυκνομίνη)
1091 3178 1222 3253 esset.“

256 3317 397 3394 Eadem
417 3317 555 3394 habent
573 3320 715 3397 scholia
733 3322 779 3399 ad
798 3323 991 3399 Demosth.
1011 3320 1090 3397 fals.
1111 3323 1221 3420 legat.
1244 3322 1345 3418 379,
1368 3326 1453 3421 22,
1481 3352 1543 3428 pro

149 3447 297 3522 Corona
316 3445 404 3540 244,
425 3446 473 3542 23
501 3447 603 3522 etad
624 3448 791 3526 Aeschin.
811 3448 999 3526 Timarch.
1020 3450 1082 3524 81.

738 3672 814 3758 Ad
839 3677 940 3759 m

257 3841 348 3916 Post
375 3840 635 3918 Demosthenis
663 3852 834 3918 aetatem.
877 3885 925 3897 —-
965 3841 1088 3918 Schol.
1118 3843 1156 3916 in
1187 3843 1340 3922 Platon.
1373 3848 1535 3925 Critian.

149 3995 185 4066 p.
214 3967 303 4042 444.
332 3966 389 4042 ed.
417 3968 591 4044 Bekker:
630 3962 747 4055 Πνύξ
775 3963 888 4052 τόπος
921 3962 1158 4056 Ἀθήνησιν,
1197 3971 1241 4040 ἐν
1268 3956 1304 4066 ᾧ
1335 3975 1533 4063 ἐκκλησίαι

149 4092 352 4193 ἐγίγνοντο
372 4086 489 4164 πάλαι
503 4094 579 4189 μὲν
599 4088 737 4181 πᾶσαι,
767 4086 929 4191 ὕστερον
952 4090 991 4165 δὲ
1012 4085 1135 4182 ἅπαξ,
1165 4085 1265 4167 ὅταν
1280 4093 1360 4170 τὸν
1379 4123 1532 4198 στρατη-

149 4209 223 4317 γὸν
236 4212 522 4312 χειροτονῶσιν.
562 4220 693 4322 (Pnyx
712 4223 816 4297 loeus
836 4217 1012 4315 Athenis,
1036 4222 1075 4297 in
1095 4247 1168 4319 quo
1187 4248 1322 4298 omnes
1344 4225 1530 4302 habeban-

149 4353 208 4417 tur
228 4343 315 4416 olim
333 4345 540 4440 conciones,
552 4346 669 4422 serius
689 4375 776 4426 vero
796 4348 920 4444 semel,
931 4375 1045 4449 quum
1065 4347 1151 4425 belli
1171 4347 1308 4424 ducem
1320 4351 1530 4450 eligerent)

738 4577 814 4696 se
835 4577 943 4695 ¹125.

256 4734 380 4814 Schol.
398 4737 437 4812 in
456 4741 695 4854 Demosthen.
715 4718 875 4847 Philipp.
897 4743 961 4822 IV.
981 4743 1028 4820 ad
1046 4753 1254 4842 argument.
1280 4745 1463 4833 Σανίὃας
1481 4775 1530 4822 rs-

151 4854 220 4944 νὰς
236 4864 451 4963 ἐνέγραφον
470 4859 635 4956 ἐχούσας
652 4861 697 4940 τὸ
719 4865 874 4970 πρᾶγμα
901 4871 983 4964 περὶ
1012 4855 1061 4941 οὗ
1092 4859 1111 4956 ἦ
1136 4872 1272 4967 σκέψις
1291 4878 1365 4947 καὶ
1389 4882 1470 4972 περὶ
1490 4862 1528 4947 od

150 4982 449 5078 συνεληλύθασι,
478 4995 546 5064 καὶ
577 4995 813 5090 προετίθσυν
840 4990 886 5088 τῇ
914 4996 1125 5091 ἐκκλησίᾳ,
1152 4995 1218 5068 ἵνα
1247 4997 1372 5100 γνῶσι
1408 5000 1531 5083 πάντες

149 5117 230 5211 περὶ
259 5114 364 5199 τίνος
390 5118 495 5190 ἐστὶν
525 5109 545 5204 ἡ
588 5122 783 5210 sextoet.
829 5122 1021 5216 (Tabulas
1049 5122 1225 5220 quasdam
1255 5125 1531 5218 inscribebant,
