3436 5790
498 397 665 450 nnnrcna
684 395 848 448 rnnmce
866 397 1136 451 ruacrrcrrmr.
1431 372 1509 450 203

726 688 840 785 Μέρος
862 690 910 779 β’.

493 815 781 906 Ἅδικὴματα
811 809 893 884 niv
927 817 970 884 ἐν
1004 818 1134 885 τέλει.

452 1174 636 1243 Delicta
667 1174 849 1264 publice
881 1147 1177 1263 fungentium.

759 1343 872 1418 1043.

192 1525 194 1529 -
235 1481 300 1581 Τηῖ
319 1477 480 1582 ἄρχοντι
491 1542 502 1576 ,
524 1479 575 1560 δν
588 1483 755 1586 μεθύων
773 1481 908 1581 ληφθῇ
917 1539 929 1574 ,
956 1479 1131 1559 θάνατον
1150 1479 1340 1575 εἶναιτὴν
1359 1487 1507 1582 ζημίαν.

540 1614 639 1707 (Lex
658 1613 808 1692 Solonis
827 1612 926 1715 apud
944 1612 1104 1713 Diogen.
1125 1611 1252 1689 Laert..
1268 1613 1297 1708 Ι,
1318 1615 1402 1706 57.)

763 1775 876 1855 1043.

128 2018 129 2022 ¹
227 1919 490 2021 Magistratus,
520 1923 551 1998 si
580 1922 703 1998 ebrius
729 1888 983 2021 deprehensus
1001 1917 1131 2014 fuerit,
1161 1927 1279 1995 morte
1299 1918 1508 1995 mulctetur.
1531 1938 1536 1945 ·

762 2079 876 2156 1044.

225 2215 322 2294 Ἐάν
340 2251 395 2307 τις
414 2218 584 2317 ὀφείλων
602 2214 702 2319 ὀίρχη
727 2216 782 2318 τῷ
801 2217 994 2317 δημοσίῳ,
1026 2216 1204 2294 θάνατον
1231 2223 1371 2317 ζημίαν
1399 2219 1507 2296 εἶναι.

782 2348 996 2440 (Demosth.
1018 2347 1100 2423 adv.
1121 2347 1268 2449 Leptin.
1292 2348 1404 2441 504.)

763 2509 877 2585 1044.

103 2755 106 2760 .
231 2651 270 2728 Si
290 2654 372 2752 quis
391 2652 552 2730 aerarius
572 2651 831 2753 magistratum
849 2649 1026 2749 gesserit,
1056 2674 1156 2728 mors
1175 2660 1255 2728 esto
1274 2651 1509 2753 supplicium.

764 2814 878 2892 1045.

225 2955 324 3034 ’aar
343 2961 379 3034 οί
399 2955 598 3058 πρυτάνεις
612 2955 666 3055 μή
688 2955 870 3048 ποιήσωσι
888 2952 991 3031 xasa?
1019 2953 1067 3031 τοί
1086 2954 1330 3062 γεγραμμένα
1349 2952 1422 3048 την
1440 2961 1509 3032 ἐκ·

126 3087 309 3174 κλησίαν,
340 3078 363 3174 ἢ
391 3084 428 3157 ολ
458 3080 636 3181 πρόιδροι
660 3078 715 3182 μή
741 3086 1002 3182 χρηματίσωσι
1032 3080 1134 3156 κατα
1170 3081 1216 3159 τοί
1237 3079 1509 3188 γεγραμμένα,

127 3205 296 3305 ὀφείλειν
323 3207 402 3283 τῶν
424 3210 500 3304 μὲν
527 3204 749 3306 πρυτάνεων
776 3213 943 3284 ἕκαστον
968 3211 1102 3303 χιλίας
1136 3205 1308 3309 δραχμάς
1335 3205 1436 3308 ίεράς
1465 3207 1509 3303 τῇ

121 3329 296 3433 Ἀθηνᾷ,
326 3330 403 3407 τῶν
422 3331 461 3408 δὲ
481 3331 675 3433 προέδρων
692 3339 852 3418 ἕκαστος
876 3328 1058 3426 ὀφειλέτω
1085 3330 1370 3433 τετταράκοντα
1389 3330 1511 3431 δραχ-

122 3455 197 3556 peda
215 3456 317 3560 ίεροὶς
335 3458 380 3554 τῇ
404 3455 571 3557 Ἀθηνᾷ.
691 3460 904 3552 (Demosth.
925 3487 955 3537 c.
975 3459 1137 3537 Timocr.
1157 3460 1402 3553 706—707.)

762 3620 876 3696 1045.

231 3765 272 3844 Si
299 3767 483 3868 Prytanes
512 3791 587 3842 non
615 3764 663 3841 ad
691 3761 922 3866 praescripta
949 3763 1167 3841 concionem
1194 3765 1414 3859 habuerint,
1448 3777 1512 3841 aut

126 3893 317 3996 praesides
336 3918 412 3969 non
432 3891 479 3967 ad
499 3890 731 3993 praescripta
749 3901 885 3989 agant,
915 3889 1170 3966 mulctandum
1199 3916 1280 3967 esse
1309 3902 1510 3992 prytanum

126 4043 422 4119 unumquemque
441 4015 542 4091 mille
567 4014 753 4091 drachmis
771 4013 962 4109 Minervae
991 4017 1124 4111 sacris,
1154 4015 1368 4117 praesidum
1387 4028 1511 4091 autem

125 4147 377 4246 unusquisque
397 4143 646 4245 quadraginta
665 4141 861 4254 drachmas
880 4140 1016 4255 debead
1034 4142 1227 4259 Minervae
1246 4169 1379 4219 sacras.
1396 4254 1399 4259 ι

768 4303 881 4381 1040.

226 4441 276 4522 ‘0
295 4438 427 4544 ἅρχων
446 4450 744 4550 ἐπαναγκαζέτω
762 4442 834 4522 τὸν
852 4442 1048 4550 ἐγγυτάτω
1066 4450 1201 4549 γένους
1220 4438 1244 4536 ἢ
1263 4439 1389 4522 αὐτὸν
1407 4446 1511 4542 ἐχειν

126 4569 148 4665 ἢ
166 4572 351 4662 ἐκδοῦναι
370 4568 440 4663 την
458 4577 684 4672 ἐπίκληρον·
706 4568 777 4648 ἐοὶν
796 4567 834 4647 δὲ
849 4568 904 4668 μὴ
925 4570 1176 4675 ἐπαναγκάσῃ
1196 4562 1377 4670 ὁόίρχων,
1400 4568 1510 4666 ὀφει-

126 4706 217 4777 λέτω
232 4702 362 4796 χιλίας
383 4693 555 4799 δραχμὰς
573 4693 674 4799 ίεράς
693 4697 739 4795 τῇ
759 4692 877 4798 Ἥρᾳ.

755 4827 969 4922 (Demosth.
990 4828 1074 4904 adv.
1095 4826 1246 4904 Macart.
1269 4826 1405 4918 1008.)

766 4990 880 5065 1046.

236 5132 387 5212 Archon
407 5141 519 5229 cogat
537 5133 746 5234 proximum
774 5158 913 5233 genere
942 5144 1006 5213 aut
1025 5132 1163 5212 ducere
1183 5143 1248 5211 aut
1265 5132 1448 5210 collocare
1469 5131 1511 5209 fl-
