3404 5782
237 361 314 437 68⁴
534 385 842 441 couusursmus
860 384 914 437 so
936 382 1014 440 ism.
1035 379 1113 446 rur,
1134 381 1224 442 νινε.
1246 377 1343 437 rm.

812 573 891 658 At
907 572 1051 658 1110.

233 862 273 940 m
341 715 494 820 Beklser
522 740 661 821 Aneed.
693 767 749 847 gr.
778 740 806 817 l.
835 766 872 848 p.
900 739 999 817 stt:
1041 731 1264 844 Ἐγγυητὴς
1300 726 1329 813 δ
1364 731 1618 834 ἀναδεχόμενος

272 895 301 940 κ
326 894 358 945 ν.

303 896 440 1071 ηΗὶιια
467 993 717 1090 concludunt,
749 993 989 1085 creditorem,
1026 992 1309 1098 praetermisso
1341 988 1543 1085 debitore,
1570 993 1618 1093 eju

234 1143 450 1222 sponsorem
470 1119 634 1224 potuisse
651 1120 770 1224 injus
788 1147 932 1201 vocure.

806 1331 883 1419 At
910 1335 1046 1423 1811.

338 1507 554 1587 seeundum
572 1507 731 1606 Leges
750 1506 980 1584 Plutonis
998 1508 1107 1602 (953,
1127 1507 1159 1584 Ε
1177 1550 1235 1563 -—-
1256 1509 1368 1602 954,
1391 1504 1466 1604 A),
1492 1506 1617 1608 spousi

232 1657 318 1710 nem
336 1660 449 1737 quam
468 1634 550 1734 quis
568 1632 676 1726 feeit,
706 1631 853 1711 disertis
881 1632 1005 1712 verbis
1025 1633 1155 1729 facito,
1184 1660 1271 1712 rem
1297 1644 1461 1728 totam,
1489 1632 1617 1735 qurmin

231 1783 270 1836 se
290 1758 464 1858 recipiat,
490 1757 721 1861 persoribens
749 1770 877 1834 eorm
899 1749 1059 1835 testibus
1087 1783 1163 1835 non
1191 1757 1336 1836 minus
1367 1758 1520 1852 tribus,
1547 1757 1618 1833 sires

229 1885 329 1965 iutra
354 1884 456 1964 mille
485 1884 681 1968 drachmas
711 1893 788 1983 est,
816 1883 848 1960 si
877 1906 966 1962 vero
994 1908 1108 1988 supra
1126 1880 1251 1981 mille,
1285 1910 1378 1964 non
1401 1884 1618 1987 minusqum

231 2011 406 2113 quinque.

334 2135 393 2215 Ao
409 2163 569 2240 sponsor
588 2135 738 2238 quidem
756 2138 869 2215 etiam
887 2136 936 2228 is,
964 2136 1027 2239 qui
1047 2148 1228 2240 tanquam
1247 2163 1322 2241 pa
1333 2139 1519 2235 rarius
1536 2135 1617 2233 (ut

234 2256 390 2356 πωλῶν)
407 2259 545 2364 aliquid
565 2260 702 2358 vendit,
723 2287 800 2339 nou
811 2263 916 2363 juste
935 2261 1134 2341 vendentis
1151 2261 1218 2367 vel
1236 2264 1417 2345 omnino
1437 2262 1618 2347 amorim

231 2389 412 2484 otrentis3
440 2414 525 2466 reus
553 2400 679 2467 autem
708 2388 820 2466 etism
843 2388 1031 2493 perurius,
1060 2389 1406 2490 quemadmodum
1427 2394 1487 2488 is,
1514 2389 1618 2491 quiu-

229 2538 318 2591 num
337 2512 458 2609 dedit,
488 2514 619 2613 agitor.

338 2637 451 2743 Apud
470 2638 662 2719 Romanos
687 2668 851 2744 sponsor
877 2653 916 2719 et
944 2640 1227 2747 fidepromissor
1245 2667 1328 2749 per
1349 2641 1618 2747 legentum

228 2762 379 2853 biennio
399 2764 615 2853 liberentur.
645 2768 776 2876 (Gaji
802 2771 964 2851 lustit.
984 2770 1058 2869 111,
1082 2766 1189 2867 121.)

806 2982 885 3070 Au·
901 2981 1046 3071 1511.

334 3136 554 3241 Depositum
584 3162 740 3237 parvum
770 3134 946 3212 fraudare
974 3131 1119 3234 turpius
1148 3141 1205 3209 est
1225 3157 1360 3235 quam
1382 3143 1561 3214 mutuum
1575 3155 1618 3209 m

227 3289 355 3362 gnum.
384 3263 457 3355 Qui
476 3262 575 3337 enim
596 3260 808 3364 depositum
833 3258 1000 3354 fraudet,
1028 3258 1216 3334 hominem
1237 3257 1405 3362 decipit
1425 3288 1454 3338 a
1473 3288 1549 3363 quo
1565 3283 1619 3362 pre

229 3391 299 3466 bus
317 3389 398 3490 ipse
418 3386 660 3467 existimatur.
690 3381 972 3481 (Aristotel.
996 3378 1241 3458 Problem.
1263 3383 1435 3482 XXIX,
1459 3388 1522 3489 u)

334 3510 569 3591 Democritus
588 3510 686 3612 apud
707 3507 913 3589 Stobaeum
931 3507 1053 3603 (Flos.
1073 3504 1212 3603 XLVI,
1236 3507 1340 3602 do:
1373 3506 1455 3598 τὰς
1476 3535 1621 3609 sapato

227 3633 402 3730 ταδὴκας
430 3628 668 3710 ἀποδιδόντα
696 3627 743 3708 οὐ
764 3626 841 3733 χρὴ
862 3634 1129 3718 supersistat,
1157 3624 1232 3704 τὸν
1252 3627 1296 3707 δὲ
1315 3629 1382 3730 μὴ
1407 3629 1622 3713 ἀποδιδόντι

228 3760 361 3852 κακῶς
387 3757 552 3837 ἀκούειν
579 3764 650 3835 καὶ
677 3755 847 3855 πάσχειν.
886 3759 958 3854 Qui
975 3756 1190 3862 depositum
1207 3757 1374 3859 reddit,
1407 3764 1560 3844 laudari
1574 3785 1622 3839 not

144 3977 147 3983 ,
227 3891 361 3985 debet,
389 3901 428 3968 ut
446 3885 669 3992 reprehendi
691 3899 729 3966 et
747 3887 890 3991 puniri,
919 3886 981 3987 qui
1001 3908 1078 3963 non
1096 3880 1253 3975 reddit)

335 4014 515 4094 Herodot.
536 4014 604 4109 VI,
624 4014 696 4088 86:
720 4005 906 4114 Ἀγαθὸν
929 4004 1023 4105 μηδὲ
1054 4004 1308 4081 διανοέεσθαι
1343 4015 1442 4113 περὶ
1475 4041 1623 4115 παρανι-

229 4131 512 4231 ταθὴνηςάλλο
527 4167 570 4243 ys
588 4131 613 4227 ἢ
631 4132 895 4212 ἀπαιτεόντων
913 4129 1156 4210 ἀποδιδόναι.
1177 4134 1385 4237 (Expedit
1405 4142 1460 4222 tle
1481 4143 1624 4248 deposito

229 4266 323 4344 nihil
341 4269 443 4345 aliud
460 4291 509 4344 ne
527 4265 694 4367 cogitare
714 4262 884 4364 quidem,
904 4262 976 4340 nisi
996 4272 1038 4339 ut
1056 4258 1327 4363 repetentibus
1349 4266 1536 4363 reddes.)

336 4392 450 4496 Apud
468 4395 659 4471 Romanos
678 4393 724 4487 Q.
744 4391 928 4470 Sosevola
945 4391 986 4466 in
1012 4388 1212 4483 librorum,
1247 4414 1358 4490 quos
1378 4393 1434 4474 de
1449 4399 1540 4501 jure
1557 4392 1625 4474 civil

229 4519 462 4622 composuit,
481 4518 585 4597 XVI.
606 4519 723 4594 verbu
740 4516 834 4595 haee
853 4516 999 4620 posuit:
1021 4513 1145 4617 „quod
1165 4513 1225 4591 oui
1249 4523 1512 4602 servandum
1530 4524 1627 4601 datm

230 4656 306 4742 est,
326 4646 365 4748 ¹si
382 4644 422 4721 id
439 4669 528 4722 usus
548 4657 623 4741 est,
652 4647 734 4723 sive
754 4644 854 4748 quod
872 4643 1054 4722 utendum
1072 4643 1239 4744 aceepit,
1272 4647 1330 4727 ad
1352 4648 1485 4731 sliam
1502 4679 1578 4731 rem
1591 4658 1626 4726 rt·

231 4799 304 4875 que
321 4770 485 4874 sucepit,
505 4797 595 4848 usus
613 4780 689 4869 est,
709 4771 798 4850 furti
817 4794 858 4848 se
877 4767 1100 4869 obligavit“
1128 4765 1369 4864 (Gellius
1397 4779 1542 4860 Noet
1561 4776 1628 4856 su

231 4891 534 4996 mutuus.)
790 4999 1050 5085 ‘mm

339 5150 483 5255 Legem
500 5151 617 5248 hanc,
636 5150 779 5228 etiamsi
798 5177 875 5229 non
892 5147 1023 5228 iisdem
1041 5147 1165 5227 verbis
1185 5150 1415 5258 scriptam,
1444 5159 1623 5243 Athenien.
