<?xml version="1.0" encoding="UTF-8"?>
<!DOCTYPE html PUBLIC "-//W3C//DTD XHTML 1.0 Transitional//EN"
    "http://www.w3.org/TR/xhtml1/DTD/xhtml1-transitional.dtd">
<html xmlns="http://www.w3.org/1999/xhtml" xml:lang="en" lang="en">
 <head>
  <title>
</title>
<meta http-equiv="Content-Type" content="text/html;charset=utf-8" />
  <meta name='ocr-system' content='tesseract 3.04.00' />
  <meta name='ocr-capabilities' content='ocr_page ocr_carea ocr_par ocr_line ocrx_word'/>
</head>
<body>
  <div class='ocr_page' id='page_1' title='image "./synaggtnattiknn00tlgoog_0644.png"; bbox 0 0 3436 5790; ppageno 0'>
   <div class='ocr_carea' id='block_1_1' title="bbox 166 377 1260 457">
    <p class='ocr_par' dir='ltr' id='par_1_1' title="bbox 166 377 1260 457">
     <span class='ocr_line' id='line_1_1' title="bbox 166 377 1260 457; baseline 0.004 -3"><span class='ocrx_word' id='word_1_1' title='bbox 166 377 245 454; x_wconf 75' lang='lat' dir='ltr'><strong>utu</strong></span> <span class='ocrx_word' id='word_1_2' title='bbox 477 393 857 454; x_wconf 69' lang='lat' dir='ltr'><strong>commendemens</strong></span> <span class='ocrx_word' id='word_1_3' title='bbox 879 390 957 450; x_wconf 80' lang='lat' dir='ltr'><strong>urs.</strong></span> <span class='ocrx_word' id='word_1_4' title='bbox 980 395 1058 454; x_wconf 85' lang='grc'><strong>4444.</strong></span> <span class='ocrx_word' id='word_1_5' title='bbox 1081 396 1159 455; x_wconf 80' lang='grc'><strong>4454.</strong></span> <span class='ocrx_word' id='word_1_6' title='bbox 1181 396 1260 457; x_wconf 81' lang='grc'><strong>4444.</strong></span> 
     </span>
    </p>
   </div>
   <div class='ocr_carea' id='block_1_2' title="bbox 734 585 971 674">
    <p class='ocr_par' dir='ltr' id='par_1_2' title="bbox 734 585 971 674">
     <span class='ocr_line' id='line_1_2' title="bbox 734 585 971 674; baseline 0.017 -4"><span class='ocrx_word' id='word_1_7' title='bbox 734 585 809 670; x_wconf 75' lang='grc' dir='ltr'>Μ</span> <span class='ocrx_word' id='word_1_8' title='bbox 827 585 971 674; x_wconf 72' lang='grc'><strong>1445.</strong></span> 
     </span>
    </p>
   </div>
   <div class='ocr_carea' id='block_1_3' title="bbox 165 734 1550 1215">
    <p class='ocr_par' dir='ltr' id='par_1_3' title="bbox 258 734 855 838">
     <span class='ocr_line' id='line_1_3' title="bbox 258 734 855 838; baseline -0.003 -25"><span class='ocrx_word' id='word_1_9' title='bbox 258 735 406 814; x_wconf 76' lang='lat' dir='ltr'><strong>&#39;Aetate</strong></span> <span class='ocrx_word' id='word_1_10' title='bbox 424 734 513 811; x_wconf 89' lang='lat' dir='ltr'><strong>belli</strong></span> <span class='ocrx_word' id='word_1_11' title='bbox 534 735 855 838; x_wconf 81' lang='lat' dir='ltr'><strong>Peloponnesiaci.</strong></span> 
     </span>
    </p>

    <p class='ocr_par' dir='ltr' id='par_1_4' title="bbox 165 861 1550 1215">
     <span class='ocr_line' id='line_1_4' title="bbox 272 861 1550 962; baseline 0.001 -24"><span class='ocrx_word' id='word_1_12' title='bbox 272 861 451 939; x_wconf 86' lang='lat' dir='ltr'><strong>Strabo</strong></span> <span class='ocrx_word' id='word_1_13' title='bbox 471 863 518 955; x_wconf 90' lang='lat' dir='ltr'><strong>X,</strong></span> <span class='ocrx_word' id='word_1_14' title='bbox 539 865 574 954; x_wconf 84' lang='lat'><strong>5,</strong></span> <span class='ocrx_word' id='word_1_15' title='bbox 595 865 638 938; x_wconf 81' lang='lat'><strong>5:</strong></span> <span class='ocrx_word' id='word_1_16' title='bbox 668 862 822 939; x_wconf 80' lang='lat' dir='ltr'><strong>Rhenes</strong></span> <span class='ocrx_word' id='word_1_17' title='bbox 840 863 961 940; x_wconf 90' lang='lat' dir='ltr'><strong>insula</strong></span> <span class='ocrx_word' id='word_1_18' title='bbox 981 874 1036 940; x_wconf 91' lang='grc'><strong>444</strong></span> <span class='ocrx_word' id='word_1_19' title='bbox 1056 865 1189 962; x_wconf 85' lang='lat' dir='ltr'><strong>exigua</strong></span> <span class='ocrx_word' id='word_1_20' title='bbox 1208 873 1245 940; x_wconf 92' lang='grc'><strong>44</strong></span> <span class='ocrx_word' id='word_1_21' title='bbox 1263 862 1428 958; x_wconf 87' lang='lat' dir='ltr'><strong>deserta,</strong></span> <span class='ocrx_word' id='word_1_22' title='bbox 1455 864 1550 939; x_wconf 86' lang='lat' dir='ltr'><strong>intra</strong></span> 
     </span>
     <span class='ocr_line' id='line_1_5' title="bbox 165 986 1546 1091; baseline -0.002 -26"><span class='ocrx_word' id='word_1_23' title='bbox 165 998 336 1091; x_wconf 88' lang='lat' dir='ltr'><strong>quartum</strong></span> <span class='ocrx_word' id='word_1_24' title='bbox 356 1012 380 1064; x_wconf 87' lang='lat' dir='ltr'><strong>a</strong></span> <span class='ocrx_word' id='word_1_25' title='bbox 397 986 495 1062; x_wconf 90' lang='lat' dir='ltr'><strong>Delo</strong></span> <span class='ocrx_word' id='word_1_26' title='bbox 514 986 693 1080; x_wconf 88' lang='lat' dir='ltr'><strong>stadium,</strong></span> <span class='ocrx_word' id='word_1_27' title='bbox 723 987 785 1063; x_wconf 90' lang='lat' dir='ltr'><strong>ubi</strong></span> <span class='ocrx_word' id='word_1_28' title='bbox 804 987 976 1089; x_wconf 87' lang='lat' dir='ltr'><strong>sepulcra</strong></span> <span class='ocrx_word' id='word_1_29' title='bbox 994 998 1080 1065; x_wconf 88' lang='lat' dir='ltr'><strong>sunt</strong></span> <span class='ocrx_word' id='word_1_30' title='bbox 1098 988 1303 1066; x_wconf 86' lang='lat' dir='ltr'><strong>Deliorum.</strong></span> <span class='ocrx_word' id='word_1_31' title='bbox 1336 987 1433 1066; x_wconf 83' lang='lat' dir='ltr'><strong>Nam</strong></span> <span class='ocrx_word' id='word_1_32' title='bbox 1452 1015 1546 1065; x_wconf 89' lang='lat' dir='ltr'><strong>mor·</strong></span> 
     </span>
     <span class='ocr_line' id='line_1_6' title="bbox 165 1112 1230 1215; baseline 0.002 -27"><span class='ocrx_word' id='word_1_33' title='bbox 165 1124 268 1191; x_wconf 89' lang='lat' dir='ltr'><strong>tuum</strong></span> <span class='ocrx_word' id='word_1_34' title='bbox 288 1113 326 1189; x_wconf 89' lang='lat' dir='ltr'><strong>in</strong></span> <span class='ocrx_word' id='word_1_35' title='bbox 346 1112 442 1189; x_wconf 91' lang='lat' dir='ltr'><strong>Delo</strong></span> <span class='ocrx_word' id='word_1_36' title='bbox 461 1112 619 1214; x_wconf 88' lang='lat' dir='ltr'><strong>sepelire</strong></span> <span class='ocrx_word' id='word_1_37' title='bbox 638 1137 713 1191; x_wconf 90' lang='lat' dir='ltr'><strong>non</strong></span> <span class='ocrx_word' id='word_1_38' title='bbox 732 1124 790 1190; x_wconf 89' lang='grc'><strong>444</strong></span> <span class='ocrx_word' id='word_1_39' title='bbox 808 1114 883 1207; x_wconf 87' lang='lat' dir='ltr'><strong>fas,</strong></span> <span class='ocrx_word' id='word_1_40' title='bbox 913 1140 1034 1215; x_wconf 91' lang='lat' dir='ltr'><strong>neque</strong></span> <span class='ocrx_word' id='word_1_41' title='bbox 1054 1139 1230 1192; x_wconf 87' lang='lat' dir='ltr'><strong>cremare.</strong></span> 
     </span>
    </p>
   </div>
   <div class='ocr_carea' id='block_1_4' title="bbox 740 1322 976 1409">
    <p class='ocr_par' dir='ltr' id='par_1_5' title="bbox 740 1322 976 1409">
     <span class='ocr_line' id='line_1_7' title="bbox 740 1322 976 1409; baseline 0.008 -2"><span class='ocrx_word' id='word_1_42' title='bbox 740 1322 815 1407; x_wconf 76' lang='lat' dir='ltr'><strong>As</strong></span> <span class='ocrx_word' id='word_1_43' title='bbox 832 1326 976 1409; x_wconf 78' lang='lat'><strong>1440.</strong></span> 
     </span>
    </p>
   </div>
   <div class='ocr_carea' id='block_1_5' title="bbox 157 1471 1550 4939">
    <p class='ocr_par' dir='ltr' id='par_1_6' title="bbox 162 1471 1550 1949">
     <span class='ocr_line' id='line_1_8' title="bbox 270 1471 1545 1575; baseline 0.001 -29"><span class='ocrx_word' id='word_1_44' title='bbox 270 1472 461 1573; x_wconf 85' lang='lat' dir='ltr'><strong>Ejusmodi</strong></span> <span class='ocrx_word' id='word_1_45' title='bbox 489 1471 659 1550; x_wconf 85' lang='lat' dir='ltr'><strong>homines</strong></span> <span class='ocrx_word' id='word_1_46' title='bbox 679 1499 699 1550; x_wconf 89' lang='grc'><strong>4</strong></span> <span class='ocrx_word' id='word_1_47' title='bbox 719 1474 948 1575; x_wconf 88' lang='lat' dir='ltr'><strong>praescripto</strong></span> <span class='ocrx_word' id='word_1_48' title='bbox 977 1471 1117 1551; x_wconf 86' lang='lat' dir='ltr'><strong>oraculi</strong></span> <span class='ocrx_word' id='word_1_49' title='bbox 1146 1475 1362 1552; x_wconf 83' lang='lat' dir='ltr'><strong>mulieribus</strong></span> <span class='ocrx_word' id='word_1_50' title='bbox 1381 1500 1421 1550; x_wconf 89' lang='grc'><strong>44</strong></span> <span class='ocrx_word' id='word_1_51' title='bbox 1440 1473 1545 1574; x_wconf 80' lang='lat' dir='ltr'>quasi</span> 
     </span>
     <span class='ocr_line' id='line_1_9' title="bbox 163 1596 1550 1698; baseline 0.001 -26"><span class='ocrx_word' id='word_1_52' title='bbox 163 1608 314 1675; x_wconf 90' lang='lat' dir='ltr'><strong>renatos</strong></span> <span class='ocrx_word' id='word_1_53' title='bbox 333 1597 564 1697; x_wconf 77' lang='lat' dir='ltr'><strong>praebebant</strong></span> <span class='ocrx_word' id='word_1_54' title='bbox 582 1596 781 1686; x_wconf 87' lang='lat' dir='ltr'><strong>lavandos,</strong></span> <span class='ocrx_word' id='word_1_55' title='bbox 807 1596 1025 1675; x_wconf 88' lang='lat' dir='ltr'><strong>vinciendos</strong></span> <span class='ocrx_word' id='word_1_56' title='bbox 1045 1609 1083 1674; x_wconf 94' lang='grc'><strong>44</strong></span> <span class='ocrx_word' id='word_1_57' title='bbox 1101 1598 1314 1694; x_wconf 81' lang='grc'><strong>1444444144;</strong></span> <span class='ocrx_word' id='word_1_58' title='bbox 1341 1623 1550 1698; x_wconf 87' lang='lat' dir='ltr'><strong>nomenque</strong></span> 
     </span>
     <span class='ocr_line' id='line_1_10' title="bbox 162 1711 1548 1824; baseline 0.001 -26"><span class='ocrx_word' id='word_1_59' title='bbox 162 1725 207 1800; x_wconf 83' lang='lat' dir='ltr'><strong>iis</strong></span> <span class='ocrx_word' id='word_1_60' title='bbox 235 1723 372 1799; x_wconf 83' lang='lat' dir='ltr'><strong>sactum</strong></span> <span class='ocrx_word' id='word_1_61' title='bbox 402 1711 679 1819; x_wconf 76' lang='grc' dir='ltr'><em>ὖστερὸποτμοι</em></span> <span class='ocrx_word' id='word_1_62' title='bbox 709 1724 769 1800; x_wconf 89' lang='lat' dir='ltr'><strong>vel</strong></span> <span class='ocrx_word' id='word_1_63' title='bbox 798 1717 1114 1818; x_wconf 77' lang='grc' dir='ltr'><strong><em>ὃευιερὸποτμοι,</em></strong></span> <span class='ocrx_word' id='word_1_64' title='bbox 1145 1724 1244 1824; x_wconf 90' lang='lat' dir='ltr'><strong>quod</strong></span> <span class='ocrx_word' id='word_1_65' title='bbox 1272 1725 1452 1801; x_wconf 81' lang='lat' dir='ltr'><strong>sciliceta</strong></span> <span class='ocrx_word' id='word_1_66' title='bbox 1471 1749 1548 1800; x_wconf 85' lang='lat' dir='ltr'><strong>crc-</strong></span> 
     </span>
     <span class='ocr_line' id='line_1_11' title="bbox 165 1848 1014 1949; baseline -0.001 -25"><span class='ocrx_word' id='word_1_67' title='bbox 165 1848 242 1926; x_wconf 92' lang='lat' dir='ltr'><strong>dito</strong></span> <span class='ocrx_word' id='word_1_68' title='bbox 263 1850 375 1925; x_wconf 86' lang='lat' dir='ltr'><strong>exitio</strong></span> <span class='ocrx_word' id='word_1_69' title='bbox 394 1850 497 1948; x_wconf 88' lang='lat' dir='ltr'><strong>quasi</strong></span> <span class='ocrx_word' id='word_1_70' title='bbox 518 1849 743 1949; x_wconf 89' lang='lat' dir='ltr'><strong>postliminio</strong></span> <span class='ocrx_word' id='word_1_71' title='bbox 763 1849 1014 1925; x_wconf 81' lang='lat' dir='ltr'><strong>revertissent.</strong></span> 
     </span>
    </p>

    <p class='ocr_par' dir='ltr' id='par_1_7' title="bbox 157 1973 1549 3836">
     <span class='ocr_line' id='line_1_12' title="bbox 269 1973 1548 2076; baseline 0 -27"><span class='ocrx_word' id='word_1_72' title='bbox 269 1974 428 2051; x_wconf 86' lang='lat' dir='ltr'><strong>Romani</strong></span> <span class='ocrx_word' id='word_1_73' title='bbox 448 2001 513 2051; x_wconf 89' lang='lat' dir='ltr'><strong>eos</strong></span> <span class='ocrx_word' id='word_1_74' title='bbox 531 2001 625 2075; x_wconf 88' lang='lat' dir='ltr'><strong>quos</strong></span> <span class='ocrx_word' id='word_1_75' title='bbox 642 1973 759 2052; x_wconf 86' lang='lat' dir='ltr'><strong>semel</strong></span> <span class='ocrx_word' id='word_1_76' title='bbox 778 1974 945 2075; x_wconf 91' lang='lat' dir='ltr'><strong>sepultos</strong></span> <span class='ocrx_word' id='word_1_77' title='bbox 963 2001 1014 2052; x_wconf 88' lang='grc'><strong>44</strong></span> <span class='ocrx_word' id='word_1_78' title='bbox 1027 1976 1142 2053; x_wconf 87' lang='lat' dir='ltr'><strong>rebus</strong></span> <span class='ocrx_word' id='word_1_79' title='bbox 1161 1975 1333 2052; x_wconf 89' lang='lat' dir='ltr'><strong>humanis</strong></span> <span class='ocrx_word' id='word_1_80' title='bbox 1352 1985 1548 2076; x_wconf 87' lang='lat' dir='ltr'><strong>exemptos</strong></span> 
     </span>
     <span class='ocr_line' id='line_1_13' title="bbox 161 2098 1549 2202; baseline -0.004 -22"><span class='ocrx_word' id='word_1_81' title='bbox 161 2128 241 2180; x_wconf 85' lang='grc'><strong>4444</strong></span> <span class='ocrx_word' id='word_1_82' title='bbox 260 2101 380 2177; x_wconf 86' lang='lat' dir='ltr'><strong>fuerat</strong></span> <span class='ocrx_word' id='word_1_83' title='bbox 397 2099 598 2194; x_wconf 87' lang='lat' dir='ltr'><strong>creditum,</strong></span> <span class='ocrx_word' id='word_1_84' title='bbox 629 2101 935 2177; x_wconf 87' lang='lat' dir='ltr'><strong>existimaverunt</strong></span> <span class='ocrx_word' id='word_1_85' title='bbox 964 2127 1041 2177; x_wconf 95' lang='lat' dir='ltr'><strong>non</strong></span> <span class='ocrx_word' id='word_1_86' title='bbox 1071 2101 1206 2179; x_wconf 84' lang='lat' dir='ltr'><strong>debere</strong></span> <span class='ocrx_word' id='word_1_87' title='bbox 1235 2125 1303 2202; x_wconf 86' lang='lat' dir='ltr'><strong>per</strong></span> <span class='ocrx_word' id='word_1_88' title='bbox 1332 2100 1467 2178; x_wconf 89' lang='lat' dir='ltr'><strong>ostium</strong></span> <span class='ocrx_word' id='word_1_89' title='bbox 1494 2098 1549 2174; x_wconf 90' lang='lat' dir='ltr'><strong>in-</strong></span> 
     </span>
     <span class='ocr_line' id='line_1_14' title="bbox 160 2223 1548 2326; baseline -0.004 -23"><span class='ocrx_word' id='word_1_90' title='bbox 160 2225 285 2326; x_wconf 85' lang='lat' dir='ltr'><strong>gredi,</strong></span> <span class='ocrx_word' id='word_1_91' title='bbox 313 2250 381 2325; x_wconf 88' lang='lat' dir='ltr'><strong>per</strong></span> <span class='ocrx_word' id='word_1_92' title='bbox 407 2223 508 2325; x_wconf 90' lang='lat' dir='ltr'><strong>quod</strong></span> <span class='ocrx_word' id='word_1_93' title='bbox 536 2225 781 2302; x_wconf 85' lang='lat' dir='ltr'><strong>sacrificatum</strong></span> <span class='ocrx_word' id='word_1_94' title='bbox 811 2226 952 2318; x_wconf 81' lang='lat' dir='ltr'><strong>exitur,</strong></span> <span class='ocrx_word' id='word_1_95' title='bbox 980 2253 1024 2302; x_wconf 91' lang='lat' dir='ltr'><strong>ao</strong></span> <span class='ocrx_word' id='word_1_96' title='bbox 1052 2226 1261 2304; x_wconf 85' lang='lat' dir='ltr'><strong>sacrifioatu</strong></span> <span class='ocrx_word' id='word_1_97' title='bbox 1289 2224 1448 2317; x_wconf 87' lang='lat' dir='ltr'><strong>reditur;</strong></span> <span class='ocrx_word' id='word_1_98' title='bbox 1483 2223 1548 2299; x_wconf 85' lang='lat' dir='ltr'><strong>sed</strong></span> 
     </span>
     <span class='ocr_line' id='line_1_15' title="bbox 162 2349 1548 2453; baseline -0.003 -25"><span class='ocrx_word' id='word_1_99' title='bbox 162 2378 227 2428; x_wconf 88' lang='grc'><strong>444</strong></span> <span class='ocrx_word' id='word_1_100' title='bbox 245 2351 417 2428; x_wconf 88' lang='lat' dir='ltr'><strong>deorsum</strong></span> <span class='ocrx_word' id='word_1_101' title='bbox 436 2377 482 2430; x_wconf 80' lang='lat' dir='ltr'><strong>ex</strong></span> <span class='ocrx_word' id='word_1_102' title='bbox 502 2361 587 2428; x_wconf 81' lang='grc'><strong>4444</strong></span> <span class='ocrx_word' id='word_1_103' title='bbox 615 2352 814 2428; x_wconf 90' lang='lat' dir='ltr'><strong>voluerunt</strong></span> <span class='ocrx_word' id='word_1_104' title='bbox 840 2354 879 2428; x_wconf 90' lang='lat' dir='ltr'><strong>in</strong></span> <span class='ocrx_word' id='word_1_105' title='bbox 908 2353 1044 2431; x_wconf 91' lang='lat' dir='ltr'><strong>atrium</strong></span> <span class='ocrx_word' id='word_1_106' title='bbox 1063 2352 1133 2430; x_wconf 92' lang='lat' dir='ltr'><strong>sub</strong></span> <span class='ocrx_word' id='word_1_107' title='bbox 1153 2352 1215 2430; x_wconf 93' lang='lat' dir='ltr'><strong>dio</strong></span> <span class='ocrx_word' id='word_1_108' title='bbox 1234 2353 1376 2453; x_wconf 89' lang='lat' dir='ltr'><strong>positos</strong></span> <span class='ocrx_word' id='word_1_109' title='bbox 1395 2349 1548 2427; x_wconf 91' lang='lat' dir='ltr'><strong>demitti.</strong></span> 
     </span>
     <span class='ocr_line' id='line_1_16' title="bbox 162 2474 1548 2578; baseline -0.004 -24"><span class='ocrx_word' id='word_1_110' title='bbox 162 2477 404 2578; x_wconf 83' lang='lat' dir='ltr'><strong>Expiationes</strong></span> <span class='ocrx_word' id='word_1_111' title='bbox 432 2475 533 2552; x_wconf 88' lang='lat' dir='ltr'><strong>enim</strong></span> <span class='ocrx_word' id='word_1_112' title='bbox 561 2501 692 2554; x_wconf 88' lang='lat' dir='ltr'><strong>omnes</strong></span> <span class='ocrx_word' id='word_1_113' title='bbox 721 2476 891 2554; x_wconf 91' lang='lat' dir='ltr'><strong>solebant</strong></span> <span class='ocrx_word' id='word_1_114' title='bbox 919 2477 999 2553; x_wconf 88' lang='lat' dir='ltr'><strong>fere</strong></span> <span class='ocrx_word' id='word_1_115' title='bbox 1024 2476 1093 2554; x_wconf 89' lang='lat' dir='ltr'><strong>sub</strong></span> <span class='ocrx_word' id='word_1_116' title='bbox 1114 2475 1176 2554; x_wconf 91' lang='lat' dir='ltr'><strong>dio</strong></span> <span class='ocrx_word' id='word_1_117' title='bbox 1195 2501 1388 2578; x_wconf 82' lang='lat' dir='ltr'><strong>peragere.</strong></span> <span class='ocrx_word' id='word_1_118' title='bbox 1426 2474 1548 2550; x_wconf 85' lang='lat' dir='ltr'><strong>Varro</strong></span> 
     </span>
     <span class='ocr_line' id='line_1_17' title="bbox 161 2599 1548 2705; baseline -0.003 -25"><span class='ocrx_word' id='word_1_119' title='bbox 161 2630 231 2705; x_wconf 92' lang='lat' dir='ltr'><strong>pro</strong></span> <span class='ocrx_word' id='word_1_120' title='bbox 250 2629 363 2680; x_wconf 87' lang='lat' dir='ltr'><strong>causa</strong></span> <span class='ocrx_word' id='word_1_121' title='bbox 383 2604 493 2679; x_wconf 85' lang='lat' dir='ltr'><strong>affert</strong></span> <span class='ocrx_word' id='word_1_122' title='bbox 513 2602 610 2679; x_wconf 90' lang='lat' dir='ltr'><strong>hane</strong></span> <span class='ocrx_word' id='word_1_123' title='bbox 629 2603 815 2701; x_wconf 79' lang='lat' dir='ltr'><strong>fabulam3</strong></span> <span class='ocrx_word' id='word_1_124' title='bbox 843 2629 929 2680; x_wconf 89' lang='lat' dir='ltr'><strong>oum</strong></span> <span class='ocrx_word' id='word_1_125' title='bbox 951 2601 1049 2678; x_wconf 90' lang='lat' dir='ltr'><strong>bello</strong></span> <span class='ocrx_word' id='word_1_126' title='bbox 1069 2601 1168 2703; x_wconf 92' lang='lat' dir='ltr'><strong>apud</strong></span> <span class='ocrx_word' id='word_1_127' title='bbox 1188 2599 1353 2679; x_wconf 86' lang='lat' dir='ltr'><strong>Siciliam</strong></span> <span class='ocrx_word' id='word_1_128' title='bbox 1372 2626 1548 2700; x_wconf 87' lang='lat' dir='ltr'><strong>magnum</strong></span> 
     </span>
     <span class='ocr_line' id='line_1_18' title="bbox 157 2727 1549 2829; baseline -0.002 -24"><span class='ocrx_word' id='word_1_129' title='bbox 157 2730 294 2824; x_wconf 39' lang='lat' dir='ltr'><strong>,navale</strong></span> <span class='ocrx_word' id='word_1_130' title='bbox 323 2730 504 2829; x_wconf 87' lang='lat' dir='ltr'><strong>proelium</strong></span> <span class='ocrx_word' id='word_1_131' title='bbox 532 2729 662 2806; x_wconf 88' lang='lat' dir='ltr'><strong>fuisset</strong></span> <span class='ocrx_word' id='word_1_132' title='bbox 690 2731 950 2824; x_wconf 82' lang='lat' dir='ltr'><strong>commissum,</strong></span> <span class='ocrx_word' id='word_1_133' title='bbox 979 2729 1189 2828; x_wconf 89' lang='lat' dir='ltr'><strong>multosque</strong></span> <span class='ocrx_word' id='word_1_134' title='bbox 1213 2727 1312 2803; x_wconf 85' lang='lat' dir='ltr'><strong>lama</strong></span> <span class='ocrx_word' id='word_1_135' title='bbox 1331 2727 1549 2803; x_wconf 84' lang='lat' dir='ltr'><strong>mentiretur</strong></span> 
     </span>
     <span class='ocr_line' id='line_1_19' title="bbox 161 2853 1548 2957; baseline -0.002 -25"><span class='ocrx_word' id='word_1_136' title='bbox 161 2853 316 2957; x_wconf 87' lang='lat' dir='ltr'><strong>periisse</strong></span> <span class='ocrx_word' id='word_1_137' title='bbox 334 2856 397 2957; x_wconf 89' lang='lat' dir='ltr'><strong>qui</strong></span> <span class='ocrx_word' id='word_1_138' title='bbox 417 2865 523 2933; x_wconf 86' lang='lat' dir='ltr'><strong>erant</strong></span> <span class='ocrx_word' id='word_1_139' title='bbox 540 2857 777 2956; x_wconf 80' lang='lat' dir='ltr'><strong>superstites,</strong></span> <span class='ocrx_word' id='word_1_140' title='bbox 807 2855 877 2933; x_wconf 89' lang='lat' dir='ltr'><strong>hos</strong></span> <span class='ocrx_word' id='word_1_141' title='bbox 904 2854 1059 2932; x_wconf 90' lang='lat' dir='ltr'><strong>domum</strong></span> <span class='ocrx_word' id='word_1_142' title='bbox 1087 2880 1278 2948; x_wconf 90' lang='lat' dir='ltr'><strong>reversos,</strong></span> <span class='ocrx_word' id='word_1_143' title='bbox 1306 2853 1405 2930; x_wconf 88' lang='lat' dir='ltr'><strong>intra</strong></span> <span class='ocrx_word' id='word_1_144' title='bbox 1433 2853 1548 2929; x_wconf 88' lang='lat' dir='ltr'><strong>breve</strong></span> 
     </span>
     <span class='ocr_line' id='line_1_20' title="bbox 161 2978 1545 3081; baseline 0 -26"><span class='ocrx_word' id='word_1_145' title='bbox 161 2991 308 3081; x_wconf 89' lang='lat' dir='ltr'><strong>tempus</strong></span> <span class='ocrx_word' id='word_1_146' title='bbox 327 2980 521 3058; x_wconf 89' lang='lat' dir='ltr'><strong>universos</strong></span> <span class='ocrx_word' id='word_1_147' title='bbox 540 2981 651 3058; x_wconf 85' lang='lat' dir='ltr'><strong>fuisse</strong></span> <span class='ocrx_word' id='word_1_148' title='bbox 671 2993 858 3077; x_wconf 90' lang='lat' dir='ltr'><strong>mortuos;</strong></span> <span class='ocrx_word' id='word_1_149' title='bbox 886 2981 951 3059; x_wconf 91' lang='lat' dir='ltr'><strong>sed</strong></span> <span class='ocrx_word' id='word_1_150' title='bbox 971 3007 1086 3058; x_wconf 91' lang='lat' dir='ltr'><strong>unum</strong></span> <span class='ocrx_word' id='word_1_151' title='bbox 1106 3007 1153 3058; x_wconf 87' lang='lat' dir='ltr'><strong>ex</strong></span> <span class='ocrx_word' id='word_1_152' title='bbox 1171 2979 1245 3057; x_wconf 90' lang='lat' dir='ltr'><strong>illis</strong></span> <span class='ocrx_word' id='word_1_153' title='bbox 1265 2978 1364 3056; x_wconf 92' lang='lat' dir='ltr'><strong>domi</strong></span> <span class='ocrx_word' id='word_1_154' title='bbox 1383 3004 1474 3055; x_wconf 88' lang='lat' dir='ltr'><strong>suae</strong></span> <span class='ocrx_word' id='word_1_155' title='bbox 1488 2979 1545 3079; x_wconf 90' lang='lat' dir='ltr'><strong>ja·</strong></span> 
     </span>
     <span class='ocr_line' id='line_1_21' title="bbox 161 3103 1547 3207; baseline -0.002 -26"><span class='ocrx_word' id='word_1_156' title='bbox 161 3131 272 3183; x_wconf 89' lang='lat' dir='ltr'><strong>nuam</strong></span> <span class='ocrx_word' id='word_1_157' title='bbox 293 3106 388 3182; x_wconf 85' lang='lat' dir='ltr'><strong>forte</strong></span> <span class='ocrx_word' id='word_1_158' title='bbox 406 3105 556 3182; x_wconf 84' lang='lat' dir='ltr'><strong>fortuna</strong></span> <span class='ocrx_word' id='word_1_159' title='bbox 584 3108 773 3185; x_wconf 90' lang='lat' dir='ltr'><strong>occlusam</strong></span> <span class='ocrx_word' id='word_1_160' title='bbox 801 3107 1023 3201; x_wconf 84' lang='lat' dir='ltr'><strong>offendisse,</strong></span> <span class='ocrx_word' id='word_1_161' title='bbox 1053 3129 1174 3206; x_wconf 89' lang='lat' dir='ltr'><strong>neque</strong></span> <span class='ocrx_word' id='word_1_162' title='bbox 1194 3105 1342 3207; x_wconf 87' lang='lat' dir='ltr'><strong>aperire</strong></span> <span class='ocrx_word' id='word_1_163' title='bbox 1360 3103 1547 3205; x_wconf 87' lang='lat' dir='ltr'><strong>potuisse:</strong></span> 
     </span>
     <span class='ocr_line' id='line_1_22' title="bbox 159 3219 1546 3331; baseline -0.002 -26"><span class='ocrx_word' id='word_1_164' title='bbox 159 3233 281 3330; x_wconf 91' lang='lat' dir='ltr'><strong>ipsum</strong></span> <span class='ocrx_word' id='word_1_165' title='bbox 310 3229 441 3327; x_wconf 87' lang='lat' dir='ltr'><strong>igitur,</strong></span> <span class='ocrx_word' id='word_1_166' title='bbox 480 3257 565 3307; x_wconf 89' lang='lat' dir='ltr'><strong>cum</strong></span> <span class='ocrx_word' id='word_1_167' title='bbox 591 3243 678 3310; x_wconf 88' lang='grc'><strong>44444</strong></span> <span class='ocrx_word' id='word_1_168' title='bbox 708 3219 809 3310; x_wconf 85' lang='lat' dir='ltr'><strong>fores</strong></span> <span class='ocrx_word' id='word_1_169' title='bbox 838 3230 1144 3324; x_wconf 86' lang='lat' dir='ltr'><strong>obdormivisset,</strong></span> <span class='ocrx_word' id='word_1_170' title='bbox 1174 3256 1242 3331; x_wconf 89' lang='lat' dir='ltr'><strong>per</strong></span> <span class='ocrx_word' id='word_1_171' title='bbox 1270 3229 1435 3330; x_wconf 90' lang='lat' dir='ltr'><strong>quietem</strong></span> <span class='ocrx_word' id='word_1_172' title='bbox 1463 3251 1546 3331; x_wconf 92' lang='lat' dir='ltr'><strong>spe·</strong></span> 
     </span>
     <span class='ocr_line' id='line_1_23' title="bbox 160 3341 1546 3459; baseline -0.001 -28"><span class='ocrx_word' id='word_1_173' title='bbox 160 3366 278 3432; x_wconf 91' lang='lat' dir='ltr'><strong>otrum</strong></span> <span class='ocrx_word' id='word_1_174' title='bbox 301 3353 457 3452; x_wconf 90' lang='lat' dir='ltr'><strong>vidisse,</strong></span> <span class='ocrx_word' id='word_1_175' title='bbox 487 3355 586 3456; x_wconf 90' lang='lat' dir='ltr'><strong>quod</strong></span> <span class='ocrx_word' id='word_1_176' title='bbox 615 3357 648 3432; x_wconf 92' lang='lat' dir='ltr'><strong>ei</strong></span> <span class='ocrx_word' id='word_1_177' title='bbox 667 3358 917 3459; x_wconf 85' lang='lat' dir='ltr'><strong>praeciperet,</strong></span> <span class='ocrx_word' id='word_1_178' title='bbox 948 3368 989 3433; x_wconf 92' lang='lat' dir='ltr'><strong>ut</strong></span> <span class='ocrx_word' id='word_1_179' title='bbox 1008 3383 1047 3432; x_wconf 91' lang='lat' dir='ltr'><strong>se</strong></span> <span class='ocrx_word' id='word_1_180' title='bbox 1068 3354 1115 3432; x_wconf 90' lang='lat' dir='ltr'><strong>de</strong></span> <span class='ocrx_word' id='word_1_181' title='bbox 1134 3365 1234 3432; x_wconf 92' lang='grc'><strong>44444</strong></span> <span class='ocrx_word' id='word_1_182' title='bbox 1253 3355 1291 3431; x_wconf 91' lang='lat' dir='ltr'><strong>in</strong></span> <span class='ocrx_word' id='word_1_183' title='bbox 1311 3341 1464 3432; x_wconf 91' lang='lat' dir='ltr'><strong>domum</strong></span> <span class='ocrx_word' id='word_1_184' title='bbox 1484 3353 1546 3431; x_wconf 89' lang='lat' dir='ltr'><strong>de·</strong></span> 
     </span>
     <span class='ocr_line' id='line_1_24' title="bbox 160 3461 1548 3583; baseline 0 -27"><span class='ocrx_word' id='word_1_185' title='bbox 160 3479 341 3556; x_wconf 87' lang='lat' dir='ltr'><strong>mitteret:</strong></span> <span class='ocrx_word' id='word_1_186' title='bbox 370 3506 453 3558; x_wconf 90' lang='lat' dir='ltr'><strong>eum</strong></span> <span class='ocrx_word' id='word_1_187' title='bbox 483 3482 640 3559; x_wconf 89' lang='lat' dir='ltr'><strong>consilio</strong></span> <span class='ocrx_word' id='word_1_188' title='bbox 669 3461 756 3558; x_wconf 85' lang='lat' dir='ltr'><strong>huie</strong></span> <span class='ocrx_word' id='word_1_189' title='bbox 783 3483 971 3583; x_wconf 88' lang='lat' dir='ltr'><strong>paruisse,</strong></span> <span class='ocrx_word' id='word_1_190' title='bbox 1000 3481 1225 3582; x_wconf 86' lang='lat' dir='ltr'><strong>longamque</strong></span> <span class='ocrx_word' id='word_1_191' title='bbox 1244 3480 1360 3558; x_wconf 92' lang='lat' dir='ltr'><strong>vitam</strong></span> <span class='ocrx_word' id='word_1_192' title='bbox 1389 3478 1548 3556; x_wconf 80' lang='lat' dir='ltr'><strong>feliciter</strong></span> 
     </span>
     <span class='ocr_line' id='line_1_25' title="bbox 161 3605 1545 3710; baseline 0 -26"><span class='ocrx_word' id='word_1_193' title='bbox 161 3606 350 3706; x_wconf 82' lang='lat' dir='ltr'><strong>exegisse:</strong></span> <span class='ocrx_word' id='word_1_194' title='bbox 378 3617 490 3708; x_wconf 90' lang='lat' dir='ltr'><strong>atque</strong></span> <span class='ocrx_word' id='word_1_195' title='bbox 518 3606 627 3710; x_wconf 88' lang='lat' dir='ltr'><strong>hujus</strong></span> <span class='ocrx_word' id='word_1_196' title='bbox 655 3608 703 3685; x_wconf 91' lang='lat' dir='ltr'><strong>ab</strong></span> <span class='ocrx_word' id='word_1_197' title='bbox 731 3609 905 3709; x_wconf 85' lang='lat' dir='ltr'><strong>exemplo</strong></span> <span class='ocrx_word' id='word_1_198' title='bbox 928 3609 1038 3685; x_wconf 88' lang='lat' dir='ltr'><strong>istam</strong></span> <span class='ocrx_word' id='word_1_199' title='bbox 1058 3607 1170 3693; x_wconf 86' lang='lat' dir='ltr'><strong>luisse</strong></span> <span class='ocrx_word' id='word_1_200' title='bbox 1188 3605 1441 3684; x_wconf 83' lang='lat' dir='ltr'><strong>introductam</strong></span> <span class='ocrx_word' id='word_1_201' title='bbox 1458 3632 1545 3684; x_wconf 90' lang='lat' dir='ltr'><strong>con·</strong></span> 
     </span>
     <span class='ocr_line' id='line_1_26' title="bbox 161 3714 1120 3836; baseline -0.001 -28"><span class='ocrx_word' id='word_1_202' title='bbox 161 3714 402 3809; x_wconf 74' lang='lat' dir='ltr'><strong>suetudinem.</strong></span> <span class='ocrx_word' id='word_1_203' title='bbox 432 3731 703 3826; x_wconf 80' lang='lat' dir='ltr'><strong>(Plutarch.</strong></span> <span class='ocrx_word' id='word_1_204' title='bbox 728 3743 913 3836; x_wconf 89' lang='lat' dir='ltr'><strong>quaest.</strong></span> <span class='ocrx_word' id='word_1_205' title='bbox 932 3758 1042 3809; x_wconf 87' lang='lat' dir='ltr'><strong>rom.</strong></span> <span class='ocrx_word' id='word_1_206' title='bbox 1063 3733 1120 3824; x_wconf 83' lang='lat'><strong>5.)</strong></span> 
     </span>
    </p>

    <p class='ocr_par' dir='ltr' id='par_1_8' title="bbox 159 3844 1545 4438">
     <span class='ocr_line' id='line_1_27' title="bbox 267 3844 1545 3958; baseline 0.001 -24"><span class='ocrx_word' id='word_1_207' title='bbox 267 3855 477 3958; x_wconf 87' lang='lat' dir='ltr'><strong>Hesychius</strong></span> <span class='ocrx_word' id='word_1_208' title='bbox 505 3856 594 3934; x_wconf 92' lang='lat' dir='ltr'><strong>dicit</strong></span> <span class='ocrx_word' id='word_1_209' title='bbox 622 3862 670 3952; x_wconf 88' lang='lat' dir='ltr'><strong>(s.</strong></span> <span class='ocrx_word' id='word_1_210' title='bbox 690 3887 725 3935; x_wconf 88' lang='lat' dir='ltr'><strong>v.</strong></span> <span class='ocrx_word' id='word_1_211' title='bbox 754 3852 1052 3954; x_wconf 75' lang='grc' dir='ltr'><strong><em>δευτερόποτμος</em></strong></span> <span class='ocrx_word' id='word_1_212' title='bbox 1077 3867 1114 3933; x_wconf 90' lang='grc'><strong>44</strong></span> <span class='ocrx_word' id='word_1_213' title='bbox 1132 3844 1435 3953; x_wconf 74' lang='grc' dir='ltr'><strong>ὖστερόποτμος)</strong></span> <span class='ocrx_word' id='word_1_214' title='bbox 1464 3857 1545 3935; x_wconf 87' lang='lat' dir='ltr'><strong>red·</strong></span> 
     </span>
     <span class='ocr_line' id='line_1_28' title="bbox 161 3983 1545 4087; baseline -0.001 -27"><span class='ocrx_word' id='word_1_215' title='bbox 161 3983 333 4060; x_wconf 88' lang='lat' dir='ltr'><strong>euntibus</strong></span> <span class='ocrx_word' id='word_1_216' title='bbox 352 3983 416 4079; x_wconf 88' lang='lat' dir='ltr'><strong>iis,</strong></span> <span class='ocrx_word' id='word_1_217' title='bbox 436 3984 571 4084; x_wconf 88' lang='lat' dir='ltr'><strong>quibus</strong></span> <span class='ocrx_word' id='word_1_218' title='bbox 590 3995 780 4084; x_wconf 86' lang='lat' dir='ltr'><strong>tamquam</strong></span> <span class='ocrx_word' id='word_1_219' title='bbox 798 3985 972 4078; x_wconf 90' lang='lat' dir='ltr'><strong>mortuis,</strong></span> <span class='ocrx_word' id='word_1_220' title='bbox 994 3985 1099 4087; x_wconf 90' lang='lat' dir='ltr'><strong>justa</strong></span> <span class='ocrx_word' id='word_1_221' title='bbox 1118 3983 1250 4060; x_wconf 87' lang='lat' dir='ltr'><strong>funera</strong></span> <span class='ocrx_word' id='word_1_222' title='bbox 1268 3983 1367 4061; x_wconf 89' lang='lat' dir='ltr'><strong>lacta</strong></span> <span class='ocrx_word' id='word_1_223' title='bbox 1385 3983 1545 4076; x_wconf 85' lang='lat' dir='ltr'><strong>fuerant,</strong></span> 
     </span>
     <span class='ocr_line' id='line_1_29' title="bbox 161 4108 1545 4209; baseline -0.001 -23"><span class='ocrx_word' id='word_1_224' title='bbox 161 4136 237 4186; x_wconf 95' lang='lat' dir='ltr'><strong>non</strong></span> <span class='ocrx_word' id='word_1_225' title='bbox 262 4108 407 4186; x_wconf 88' lang='lat' dir='ltr'><strong>licuisse</strong></span> <span class='ocrx_word' id='word_1_226' title='bbox 437 4110 615 4186; x_wconf 90' lang='lat' dir='ltr'><strong>sacellum</strong></span> <span class='ocrx_word' id='word_1_227' title='bbox 640 4108 887 4187; x_wconf 82' lang='lat' dir='ltr'><strong>Eumenidum</strong></span> <span class='ocrx_word' id='word_1_228' title='bbox 915 4109 1028 4187; x_wconf 89' lang='lat' dir='ltr'><strong>adire.</strong></span> <span class='ocrx_word' id='word_1_229' title='bbox 1067 4108 1216 4208; x_wconf 77' lang='lat' dir='ltr'><strong>llosque</strong></span> <span class='ocrx_word' id='word_1_230' title='bbox 1236 4109 1392 4186; x_wconf 89' lang='lat' dir='ltr'><strong>reduces</strong></span> <span class='ocrx_word' id='word_1_231' title='bbox 1411 4131 1480 4209; x_wconf 90' lang='lat' dir='ltr'><strong>per</strong></span> <span class='ocrx_word' id='word_1_232' title='bbox 1498 4109 1545 4185; x_wconf 90' lang='lat' dir='ltr'><strong>si·</strong></span> 
     </span>
     <span class='ocr_line' id='line_1_30' title="bbox 160 4233 1544 4336; baseline -0.001 -27"><span class='ocrx_word' id='word_1_233' title='bbox 160 4259 250 4309; x_wconf 90' lang='lat' dir='ltr'><strong>num</strong></span> <span class='ocrx_word' id='word_1_234' title='bbox 278 4233 384 4312; x_wconf 85' lang='lat' dir='ltr'><strong>laxae</strong></span> <span class='ocrx_word' id='word_1_235' title='bbox 412 4236 530 4313; x_wconf 89' lang='lat' dir='ltr'><strong>stolae</strong></span> <span class='ocrx_word' id='word_1_236' title='bbox 560 4236 693 4314; x_wconf 90' lang='lat' dir='ltr'><strong>mulier</strong></span> <span class='ocrx_word' id='word_1_237' title='bbox 711 4235 948 4328; x_wconf 86' lang='lat' dir='ltr'><strong>demittebat,</strong></span> <span class='ocrx_word' id='word_1_238' title='bbox 977 4247 1165 4336; x_wconf 84' lang='lat' dir='ltr'><strong>tamquam</strong></span> <span class='ocrx_word' id='word_1_239' title='bbox 1183 4233 1308 4311; x_wconf 90' lang='lat' dir='ltr'><strong>denuo</strong></span> <span class='ocrx_word' id='word_1_240' title='bbox 1329 4233 1472 4311; x_wconf 86' lang='lat' dir='ltr'><strong>renasci</strong></span> <span class='ocrx_word' id='word_1_241' title='bbox 1491 4234 1544 4308; x_wconf 92' lang='lat' dir='ltr'><strong>vi-</strong></span> 
     </span>
     <span class='ocr_line' id='line_1_31' title="bbox 159 4358 344 4438; baseline 0.016 -4"><span class='ocrx_word' id='word_1_242' title='bbox 159 4358 344 4438; x_wconf 82' lang='lat' dir='ltr'><strong>darentur.</strong></span> 
     </span>
    </p>

    <p class='ocr_par' dir='ltr' id='par_1_9' title="bbox 737 4464 970 4548">
     <span class='ocr_line' id='line_1_32' title="bbox 737 4464 970 4548; baseline 0 0"><span class='ocrx_word' id='word_1_243' title='bbox 737 4464 970 4548; x_wconf 77' lang='grc'><strong>4441441.</strong></span> 
     </span>
    </p>

    <p class='ocr_par' dir='ltr' id='par_1_10' title="bbox 161 4612 1546 4939">
     <span class='ocr_line' id='line_1_33' title="bbox 267 4612 1546 4715; baseline 0.003 -28"><span class='ocrx_word' id='word_1_244' title='bbox 267 4612 323 4689; x_wconf 83' lang='lat' dir='ltr'><strong>Ex</strong></span> <span class='ocrx_word' id='word_1_245' title='bbox 353 4614 422 4690; x_wconf 86' lang='lat' dir='ltr'><strong>hae</strong></span> <span class='ocrx_word' id='word_1_246' title='bbox 451 4614 534 4711; x_wconf 90' lang='lat' dir='ltr'><strong>lege</strong></span> <span class='ocrx_word' id='word_1_247' title='bbox 563 4612 711 4691; x_wconf 87' lang='lat' dir='ltr'><strong>videtur</strong></span> <span class='ocrx_word' id='word_1_248' title='bbox 741 4613 985 4715; x_wconf 86' lang='lat' dir='ltr'><strong>repetendum</strong></span> <span class='ocrx_word' id='word_1_249' title='bbox 1016 4638 1096 4691; x_wconf 88' lang='lat' dir='ltr'><strong>esse</strong></span> <span class='ocrx_word' id='word_1_250' title='bbox 1122 4613 1265 4690; x_wconf 89' lang='lat' dir='ltr'><strong>initium</strong></span> <span class='ocrx_word' id='word_1_251' title='bbox 1286 4613 1546 4691; x_wconf 85' lang='lat' dir='ltr'><strong>vindicationis</strong></span> 
     </span>
     <span class='ocr_line' id='line_1_34' title="bbox 162 4737 1545 4840; baseline 0.005 -28"><span class='ocrx_word' id='word_1_252' title='bbox 162 4737 300 4829; x_wconf 90' lang='lat' dir='ltr'><strong>(hodie</strong></span> <span class='ocrx_word' id='word_1_253' title='bbox 330 4740 382 4815; x_wconf 89' lang='lat' dir='ltr'><strong>sic</strong></span> <span class='ocrx_word' id='word_1_254' title='bbox 411 4738 532 4814; x_wconf 88' lang='lat' dir='ltr'><strong>dictae</strong></span> <span class='ocrx_word' id='word_1_255' title='bbox 561 4738 1022 4840; x_wconf 85' lang='lat' dir='ltr'><strong>expropriationis)</strong></span> <span class='ocrx_word' id='word_1_256' title='bbox 1057 4764 1076 4814; x_wconf 89' lang='grc'><strong>4</strong></span> <span class='ocrx_word' id='word_1_257' title='bbox 1104 4739 1158 4815; x_wconf 83' lang='grc'><strong>444</strong></span> <span class='ocrx_word' id='word_1_258' title='bbox 1186 4738 1360 4840; x_wconf 87' lang='lat' dir='ltr'><strong>publicae</strong></span> <span class='ocrx_word' id='word_1_259' title='bbox 1388 4741 1545 4819; x_wconf 87' lang='lat' dir='ltr'><strong>utilitate</strong></span> 
     </span>
     <span class='ocr_line' id='line_1_35' title="bbox 161 4863 287 4939; baseline 0 -3"><span class='ocrx_word' id='word_1_260' title='bbox 161 4863 287 4939; x_wconf 86' lang='lat' dir='ltr'><strong>laetae.</strong></span> 
     </span>
    </p>
   </div>
   <div class='ocr_carea' id='block_1_6' title="bbox 731 4966 975 5054">
    <p class='ocr_par' dir='ltr' id='par_1_11' title="bbox 731 4966 975 5054">
     <span class='ocr_line' id='line_1_36' title="bbox 731 4966 975 5054; baseline 0.012 -3"><span class='ocrx_word' id='word_1_261' title='bbox 731 4966 806 5051; x_wconf 75' lang='lat' dir='ltr'><strong>As</strong></span> <span class='ocrx_word' id='word_1_262' title='bbox 832 4968 975 5054; x_wconf 73' lang='lat'><strong>1452.</strong></span> 
     </span>
    </p>
   </div>
   <div class='ocr_carea' id='block_1_7' title="bbox 264 5126 1544 5240">
    <p class='ocr_par' dir='ltr' id='par_1_12' title="bbox 264 5126 1544 5240">
     <span class='ocr_line' id='line_1_37' title="bbox 264 5126 1544 5240; baseline 0.002 -31"><span class='ocrx_word' id='word_1_263' title='bbox 264 5131 398 5212; x_wconf 78' lang='lat' dir='ltr'><strong>Suidas</strong></span> <span class='ocrx_word' id='word_1_264' title='bbox 422 5160 450 5210; x_wconf 87' lang='lat' dir='ltr'><strong>s.</strong></span> <span class='ocrx_word' id='word_1_265' title='bbox 470 5157 508 5204; x_wconf 85' lang='lat' dir='ltr'><strong>v.</strong></span> <span class='ocrx_word' id='word_1_266' title='bbox 529 5126 681 5221; x_wconf 77' lang='grc' dir='ltr'><strong><em>καρποῦ</em></strong></span> <span class='ocrx_word' id='word_1_267' title='bbox 703 5127 791 5223; x_wconf 78' lang='grc' dir='ltr'><strong>δ1κη</strong></span> <span class='ocrx_word' id='word_1_268' title='bbox 804 5165 815 5207; x_wconf 92' lang='grc'><strong>.·</strong></span> <span class='ocrx_word' id='word_1_269' title='bbox 845 5137 892 5211; x_wconf 80' lang='lat' dir='ltr'><strong>Oi</strong></span> <span class='ocrx_word' id='word_1_270' title='bbox 912 5136 978 5240; x_wconf 77' lang='grc' dir='ltr'><strong>γῆς</strong></span> <span class='ocrx_word' id='word_1_271' title='bbox 998 5131 1336 5234; x_wconf 74' lang='grc' dir='ltr'><strong>ἀμφισβητοῦντες</strong></span> <span class='ocrx_word' id='word_1_272' title='bbox 1356 5128 1404 5223; x_wconf 67' lang='grc' dir='ltr'><strong>ὥς</strong></span> <span class='ocrx_word' id='word_1_273' title='bbox 1423 5159 1544 5236; x_wconf 80' lang='grc'><strong>4444-</strong></span> 
     </span>
    </p>
   </div>
   <div class='ocr_carea' id='block_1_8' title="bbox 0 0 1722 5790">
    <p class='ocr_par' dir='ltr' id='par_1_13' title="bbox 0 0 1722 5790">
     <span class='ocr_line' id='line_1_38' title="bbox 0 0 1722 5790; baseline 0 1"><span class='ocrx_word' id='word_1_274' title='bbox 0 0 1722 5790; x_wconf 95' lang='lat' dir='ltr'><strong> </strong></span> 
     </span>
    </p>
   </div>
  </div>
 </body>
</html>
