3436 5790
413 403 793 470 couusauaarussu
813 401 874 459 449.
895 400 959 457 seo.
978 402 1041 459 444.
1060 403 1124 459 ssa.
1143 402 1205 458 444.
1225 403 1289 461 444.
1466 375 1544 455 475

746 590 824 675 Ad
840 593 960 675 420.

265 735 538 857 Thucydid.
566 759 614 851 ΙΙ,
646 757 715 830 15:
745 757 915 835 Theseus
942 769 1151 836 ceterorum
1179 753 1405 860 oppidorum
1422 751 1548 829 aurias

158 895 196 959 et
215 884 455 982 magistratus
474 882 640 975 sustulit,
671 893 708 957 et
727 909 803 958 una
820 883 923 959 ouria
942 908 1091 984 unoque
1109 882 1267 959 oonsilio
1286 880 1488 958 eonstituto
1506 879 1546 952 in

158 1036 240 1085 earn
259 1008 468 1100 civitatem,
502 1031 597 1106 quae
617 1033 717 1082 nune
736 1019 811 1101 est,
840 1032 969 1084 omnes
989 1008 1120 1106 ooegit.
1160 1009 1209 1083 Et
1227 1006 1275 1082 ab
1293 1005 1358 1081 illo
1377 1015 1546 1104 tempore

159 1133 408 1209 Athenienses
428 1158 527 1207 nunc
546 1133 658 1207 etiam
677 1130 774 1206 diem
795 1131 931 1211 festum
951 1133 1100 1208 nomine
1120 1131 1147 1209 S
1157 1131 1368 1231 ynoeoia
1395 1129 1435 1203 in
1455 1128 1545 1203 deae

159 1258 338 1333 honorem
356 1257 506 1358 publice
528 1268 654 1355 agunt.

267 1383 408 1458 Eadem
426 1382 540 1457 habet
558 1379 781 1457 Plutarchus
800 1379 1041 1474 (Theseus
1066 1383 1160 1474 24),
1189 1380 1259 1457 nisi
1280 1379 1380 1481 quod
1400 1376 1545 1478 Synoe·

160 1509 217 1584 eia
237 1507 402 1610 appellet
420 1507 605 1584 Metoeeia
624 1507 861 1602 (μονοὶκια),
890 1507 928 1583 id
947 1519 1004 1583 est
1021 1505 1158 1584 festum
1177 1502 1472 1605 immigrationis

750 1679 826 1762 Ad
842 1682 960 1765 4³0.

257 1848 470 1946 .,‚Ammoni
498 1848 691 1925 immolant
719 1860 938 1949 praetores,
976 1849 1089 1927 oredo
1119 1848 1206 1949 quia
1233 1847 1397 1925 theorias
1425 1870 1547 1922 rerum

160 1977 378 2054 bellicarum
407 2002 519 2051 eausa
546 1976 735 2052 oraculum
764 1987 938 2077 petentes
968 1976 1015 2052 ad
1034 1973 1254 2054 Ammonem
1282 1974 1428 2049 mittere
1451 1969 1547 2046 sole·

161 2101 289 2179 bant.“
320 2100 601 2176 Boeekhius
630 2100 677 2175 ad
700 2101 775 2174 157
796 2101 1088 2203 inscriptionem.
1551 2175 1553 2178 ,

269 2225 402 2319 Ludis,
433 2252 525 2325 quos
553 2224 659 2300 initio
685 2224 880 2302 Athenaea
907 2226 1113 2318 vocabant,
1139 2224 1208 2301 sub
1229 2222 1378 2299 Theseo
1399 2220 1549 2296 demum

162 2350 512 2427 Panathenaeorum
540 2376 676 2424 nomen
704 2349 861 2425 inditum
887 2374 967 2426 esse
987 2349 1134 2444 dieunt,
1164 2358 1364 2450 propterea
1381 2345 1480 2448 quod
1499 2343 1547 2418 ab

162 2477 334 2552 omnibus
363 2475 637 2553 eelebrarentur
657 2471 948 2552 Atheniensibus
967 2475 1007 2551 in
1025 2500 1141 2552 unam
1160 2471 1400 2573 congregatis
1420 2469 1547 2547 eivita-

163 2613 248 2679 tem.
278 2601 574 2695 [Pausanias
599 2599 759 2694 Vnst,
782 2598 835 2693 1.)

751 2772 827 2855 Ad
853 2773 962 2856 481.

271 2941 367 3018 Vide
388 2942 702 3018 Commentarium
727 2942 804 3016 267
824 2951 862 3016 et
880 2941 969 3016 359.

754 3132 830 3215 Ad
846 3133 964 3215 4³8.

273 3298 382 3391 Quod
412 3299 459 3375 ad
488 3290 694 3395 ὑποβολήν
720 3299 852 3377 attinet
872 3299 1001 3374 confer
1019 3296 1188 3375 Leonem
1207 3295 1387 3375 Allatium
1405 3295 1444 3370 in
1464 3292 1552 3367 Vita

165 3424 329 3501 Homeri.
358 3423 477 3524 Lugd.
510 3425 633 3523 16403
673 3468 722 3477 --
760 3422 892 3499 Wolf
898 3423 930 3496 ii
960 3421 1234 3523 Prolegomena
1268 3420 1315 3497 ad
1346 3421 1551 3496 Homerum

165 3555 221 3651 (p.
241 3550 292 3622 84
322 3549 378 3624 ed.
408 3550 600 3647 secund.);
645 3548 890 3627 Boeekhii
922 3574 1024 3648 oorp.
1052 3548 1220 3647 inscript.
1247 3573 1302 3645 gr.
1332 3546 1396 3622 Nr.
1427 3542 1551 3635 30883

165 3672 414 3751 Nitzsehii
445 3674 698 3778 Sagenpoesie
725 3674 790 3749 der
810 3672 999 3750 Grieehen
1027 3674 1085 3773 (p.
1106 3672 1227 3769 414);
1255 3665 1550 3748 Hermannii

165 3800 263 3894 Quid
283 3802 330 3874 sit
350 3787 533 3896 ὑποβολὴ.
555 3801 775 3903 (Opuseula.
796 3799 878 3875 Vol.
890 3797 935 3875 V.
955 3827 991 3901 p.
1003 3801 1093 3894 300,
1114 3799 1200 3893 VII,
1220 3827 1256 3901 p.
1271 3799 1384 3894 162);
1404 3793 1548 3873 Geor-

164 3926 233 4023 gii
259 3921 507 4022 Μιοτριώτου
525 3928 729 4003 Historiam
747 3925 952 4002 carminum
972 3923 1256 4002 Homerioorum
1275 3924 1442 4002 Graecae
1463 3919 1550 3997 seri-

166 4064 277 4150 ptam.
309 4053 479 4154 (Lipsiae
501 4051 615 4126 1867.
645 4078 681 4152 p.
704 4050 779 4124 159
808 4060 845 4124 et
873 4048 1284 4151 seqq.).⁴Dionysii
1310 4044 1552 4125 Theriani

171 4171 224 4248 Τὸ
248 4165 467 4274 Ὁμηρικὸν
486 4172 640 4272 ζήτημα.
670 4168 827 4270 (Κλειώ.
852 4174 965 4252 1866.
994 4176 1059 4253 Nr.
1080 4175 1192 4267 246.)

752 4349 829 4434 Ad
846 4352 966 4434 442.

274 4518 397 4593 Sobel.
427 4519 465 4593 in
497 4519 734 4621 Aristophan.
764 4519 878 4623 Vesp.
909 4519 1006 4592 544:
1038 4510 1282 4611 θαλλοφόροι
1302 4514 1338 4587 οἱ
1358 4517 1552 4615 γέροντες,

167 4645 207 4716 οἵ
224 4648 266 4716 ἐν
285 4651 363 4726 τοῖς
387 4645 684 4732 Παναθηναίοις
705 4636 879 4729 θαλλούς
908 4642 1063 4735 ἔχοντες
1092 4635 1342 4737 πομπεύουσι.
1379 4638 1552 4734 (Thallo-

165 4770 273 4871 phori
294 4781 382 4845 sunt
400 4795 522 4862 senes,
552 4772 616 4871 qui
635 4772 731 4848 festo
750 4769 1102 4847 Panathenaeorum
1120 4795 1241 4846 ramos
1259 4778 1449 4869 gestantes
1469 4790 1552 4840 cum

167 4921 306 4998 pompa
324 4897 534 4990 incedunt.)

752 4999 830 5084 Ad
849 5002 969 5084 44⁷.

276 5148 488 5226 Athenaeus
519 5151 644 5268 (XHL
666 5146 756 5242 587,
776 5149 816 5240 e)
844 5149 1020 5243 miratur,
1047 5172 1178 5249 passos
1206 5169 1287 5224 esse
1308 5142 1554 5220 Athenienses
