3436 5790
510 416 609 467 mis
628 415 697 466 vla
718 415 757 466 lu
777 414 908 465 canals
926 415 1190 469 cumutamus.
1460 391 1539 471 mn

160 603 244 682 dam
271 604 485 682 consobrini
514 618 552 682 et
579 605 890 684 consobrinorum
926 607 1035 683 liberi
1069 619 1106 684 et
1132 608 1264 707 generi
1292 617 1329 683 et
1357 607 1474 683 soceri
1503 619 1540 685 et

159 730 361 832 phratoree.
397 729 568 810 sinuum
587 759 631 809 οο
651 730 881 809 redeundum
899 734 939 808 in
958 734 1118 832 gratiam
1143 734 1275 828 fuerit,
1305 735 1337 809 si
1355 744 1462 835 pater
1480 760 1539 809 eu-

159 867 302 956 perotee
331 856 399 933 erit
426 868 491 933 out
518 858 633 935 frater
660 858 831 951 autulii,
861 859 1044 955 omnium,
1073 871 1138 936 aut
1156 860 1236 959 ejus
1254 859 1319 960 qui
1340 858 1538 960 prohibet,

158 981 280 1058 valeat
298 983 508 1059 auotoritas.
546 981 613 1058 Sin
641 982 773 1058 horum
798 1007 907 1060 nemo
936 984 1025 1075 erit,
1058 996 1095 1059 et
1119 982 1272 1060 eaedem
1300 984 1439 1059 invitus
1457 984 1539 1084 quie

159 1107 300 1203 feeerit,
321 1120 358 1183 et
376 1107 646 1208 quinquaginta
664 1134 776 1204 unus,
796 1133 862 1185 seu
882 1109 1054 1210 ephetae‚
1075 1109 1357 1210 pronunciarint
1381 1108 1541 1183 invitum

159 1232 287 1309 fecisse
306 1234 478 1329 caedem,
506 1232 655 1308 veniam
673 1232 788 1309 danto
808 1233 1021 1334 phratores,
1053 1235 1084 1310 si
1103 1234 1253 1328 volent,
1283 1232 1422 1310 deoem.
1460 1232 1540 1323 Hos

160 1367 281 1435 autem
306 1358 578 1460 quinquaginta
605 1370 643 1433 et
669 1384 764 1435 nnus
789 1376 835 1436 ex
852 1359 1002 1461 optimis
1022 1361 1172 1460 eligant.
1212 1359 1336 1436 Etiam
1355 1359 1418 1458 qui
1437 1356 1539 1457 priua

160 1483 310 1561 eaedem
328 1485 516 1578 feoenrnt,
544 1484 615 1560 hao
633 1485 824 1561 sanctione
846 1495 1054 1563 teneantur.

805 1644 895 1723 831.

265 1764 336 1859 Μὴ
374 1762 671 1871 ἀπογράφεσθαι
708 1763 781 1846 τόν
816 1771 1049 1858 κτείναντα,
1088 1773 1179 1868 πρίν
1205 1766 1276 1860 τήν
1304 1772 1439 1844 οἰκίαν
1465 1763 1537 1843 τοῦ

163 1891 431 1981 ἀποθανόντος
449 1891 623 1992 καθᾶραι
643 1897 711 1967 καί
730 1888 778 1965 τό
799 1891 1032 1991 νομιζόμενα
1051 1893 1217 1984 ποιῆσαι.

709 2020 935 2121 (Antiphon.
955 2046 1069 2122 nuper
1087 2020 1274 2100 choreuta.
1294 2016 1328 2122 ξ.
1351 2023 1434 2116 37.)

804 2178 893 2258 εει.
1484 2240 1500 2297 ρ

265 2309 321 2385 Νε
351 2310 537 2387 deferatur
564 2333 701 2383 nornen
728 2307 996 2400 interfectoris,
1025 2308 1255 2410 priusquam
1275 2306 1406 2385 domna
1426 2308 1539 2385 inter·

165 2435 245 2512 fecti
263 2435 607 2535 lustratajustaque
626 2431 796 2509 funebria
815 2445 967 2534 peraeta
984 2433 1132 2509 fuerint.

804 2592 893 2669 832.

267 2740 334 2812 Δεῖ
358 2731 429 2810 τόν
459 2736 637 2833 βασιλέα,
676 2729 801 2824 ἐπειδὴ
841 2729 1117 2837 ἀπεγράψατο,
1156 2743 1254 2834 τρεῖς
1290 2729 1542 2835 τιροὸικασίας

164 2867 353 2938 ποιεῖσθαι
373 2868 416 2936 ἐν
434 2865 531 2958 τρισί
545 2865 661 2959 μησί,
690 2856 762 2951 τόν
781 2856 896 2951 δίκην
916 2857 951 2933 δ’
970 2857 1142 2964 εἰσάγειν
1159 2857 1325 2961 τετάρτῳ
1342 2866 1449 2959 μηνί.

712 2987 928 3099 (Antiphon
947 3014 1061 3091 super
1080 2987 1276 3069 Choreuta
1296 2984 1330 3091 ξ.
1351 2991 1435 3106 42.)

807 3153 895 3229 833.

265 3277 409 3375 Regem
428 3303 636 3374 sacrorum,
662 3276 825 3355 admissa
842 3278 896 3355 rei
915 3274 1117 3374 delatione,
1138 3287 1285 3381 oportet
1303 3280 1375 3358 tria
1393 3278 1539 3384 praeju-

163 3401 256 3480 dicia
284 3406 379 3497 (tres
399 3404 631 3503 cognitiones
651 3406 805 3495 caueae)
834 3402 990 3479 totidem
1017 3405 1207 3481 mensibus
1236 3404 1409 3483 distincta
1436 3405 1539 3482 inati-

162 3539 284 3626 tuere,
305 3538 343 3605 et
360 3538 491 3628 quarto
512 3528 659 3605 demum
677 3552 805 3606 menae
824 3528 1010 3605 actionem
1029 3528 1272 3608 introducere.

807 3676 896 3768 833.

267 3812 313 3888 Oi
333 3809 407 3917 γόρ
425 3809 491 3900 τός
510 3817 570 3890 ε’πί
590 3809 702 3913 φόνῳ
731 3811 844 3900 δίνας
869 3809 1152 3918 ἐγκαλούμενοι
1170 3819 1213 3889 ἐν
1232 3817 1447 3914 πρυτανείῳ
1466 3809 1539 3914 πρό

157 3935 222 4031 τῆς
240 3935 348 4030 δίκης
368 3935 608 4015 διατελοῦσιν
626 3944 688 4014 ἐπὶ
707 3950 803 4039 τρεῖς
817 3938 963 4039 μῆνας·
976 3936 1035 4014 ’ἐν
1062 3933 1129 4026 οἷς,
1145 3945 1184 4030 ἐξ
1204 3941 1386 4040 ἑκατέρου
1400 3944 1539 4040 μέρους
1591 4006 1593 4013 ,
1623 4004 1629 4015 .
1675 3944 1678 3948 “

158 4062 268 4168 λόγοι
289 4063 546 4168 προάγονται·
574 4063 693 4140 τοῦτο
713 4061 747 4138 δ’
768 4068 846 4141 ε’στί
865 4061 1187 4162 προδιιιασία.
1245 4064 1432 4164 (Suidae.)

805 4230 894 4308 833.
1011 4274 1014 4279 >

267 4354 340 4449 Qui
363 4354 462 4431 enim
490 4355 614 4434 caedis
641 4369 882 4454 accusantur,
912 4357 952 4434 in
979 4366 1163 4460 prytaneo
1192 4382 1260 4458 per
1287 4367 1364 4434 tren
1391 4316 1540 4436 menies

160 4492 244 4559 ante
257 4480 443 4583 judicium
460 4493 702 4584 permanent3
730 4508 846 4586 eoque
871 4495 1040 4587 tempore
1060 4483 1108 4560 ab
1126 4494 1282 4584 utraque
1299 4492 1405 4587 parte
1426 4483 1537 4581 ratio·

160 4607 283 4686 neuin
302 4607 465 4686 medium
484 4608 724 4713 proferuntur
735 4636 748 4708 3,
772 4609 873 4710 quod
892 4607 1255 4713 praejudicium
1274 4617 1440 4687 vocatur.
1456 4662 1478 4714 3

802 4770 892 4847 834.

256 4887 389 4981 Ὅστις
413 4899 649 4986 καθίστησιν
675 4889 858 4997 ἐγγυητὰς
887 4900 1004 4992 τρεῖς,
1030 4889 1176 4989 μηδένα
1193 4887 1345 4968 τούτων
1361 4891 1537 4984 δεθῆναι.-

160 5023 236 5095 Καί
264 5017 358 5107 τούς
384 5016 603 5119 ε’πιμελτρτός
633 5015 710 5094 τῶν
735 5014 986 5120 ’κακούργων
1012 5015 1082 5117 τῳ
1096 5013 1205 5117 αότῳ
1225 5017 1400 5124 χρῆσθαι
1428 5014 1540 5115 νόμῳ

160 5141 314 5246 τούτῳ·
370 5211 372 5214 ,
702 5144 915 5248 (Antiphon
934 5143 980 5223 de
998 5144 1114 5222 caede
1133 5143 1275 5224 Herod.'
1293 5140 1326 5246 ξ.
1350 5144 1432 5238 17.)
1504 5155 1507 5159 ’

1286 5269 1328 5333 14
