3436 5790
530 405 838 458 connssrnnrus
860 404 911 456 an
930 404 1083 463 ssu-sos.
1420 382 1498 461 ⁴198

110 606 236 672 autem
266 600 305 667 K
312 589 405 668 croi
429 589 651 689 Ὀνήτορος.
689 597 738 672 Et
764 607 864 673 recte
896 598 1065 698 quidem3
1093 599 1180 700 quia
1208 599 1247 674 in
1275 597 1331 674 his
1355 598 1501 676 duabus

112 724 344 799 orationibus
364 725 486 822 agitur
505 724 551 798 de
570 723 684 822 jure
714 734 1062 817 controverso,
1093 724 1273 824 Aphobus
1291 724 1401 817 enim,
1420 726 1495 802 De·

109 849 314 924 mosthenis
333 859 452 934 tutor,
483 849 587 924 duxit
616 847 789 923 Onetoris
818 874 994 926 sororem.
1033 848 1107 927 Sed
1133 847 1297 945 Onetor,
1321 849 1404 949 jam
1430 875 1497 924 reo

109 970 209 1047 facto
230 971 410 1072 Aphobo‚
432 983 663 1075 commentus
682 973 903 1068 divortium,
934 1001 1100 1051 sororem
1119 974 1166 1050 ad
1187 1001 1226 1051 se
1246 974 1424 1068 abduxit,
1443 987 1498 1049 at-

109 1121 182 1195 que
202 1096 494 1174 Demosthenem
512 1100 551 1173 in
570 1098 733 1175 damnati
753 1096 906 1198 Aphobi
925 1100 1027 1177 bona
1046 1111 1083 1177 et
1100 1099 1237 1177 fundos
1255 1098 1497 1175 invadentem

109 1222 273 1321 expulit,
293 1221 422 1300 dicens
443 1226 581 1301 sororis
600 1249 680 1301 esse
699 1222 847 1300 fundos.

216 1363 290 1441 Sed
320 1365 512 1442 videamus
538 1365 667 1441 ordine
694 1366 902 1455 orationes,
933 1393 1028 1467 quae
1046 1362 1148 1440 κατά
1168 1393 1270 1451 τινος
1289 1366 1499 1443 inscribun-

110 1499 188 1582 tur,
218 1501 258 1564 ut
287 1489 431 1564 eluceat
457 1491 497 1565 in
528 1490 572 1564 iis
599 1490 774 1565 omnibus
802 1517 879 1566 non
907 1501 985 1565 tam
1004 1491 1150 1593 dejure
1171 1492 1332 1592 quodam
1351 1502 1497 1565 contro·

111 1641 239 1709 verso,
260 1641 373 1715 quam
392 1615 513 1714 potius
534 1615 579 1690 de
599 1615 726 1714 iniquo
748 1616 847 1690 facto
866 1616 937 1714 agi.
977 1616 1171 1718 Ejusmodi
1190 1627 1277 1692 sunt

220 1759 294 1833 1-0.
322 1758 586 1834 Demosthenis
613 1750 744 1828 κατὰ
770 1750 954 1854 Ἀφόβου
973 1756 1184 1852 ἐπιτροπῆς.
1224 1760 1403 1862 Aphobus
1421 1786 1499 1837 non

110 1880 215 1956 duxit
232 1883 495 1960 Demosthenis
515 1885 631 1984 patris
651 1910 826 1980 uxorem,
857 1896 936 1961 ute
960 1896 1185 1964 testamento
1205 1887 1413 1981 debuisset,
1433 1911 1498 1961 ne·
1573 1885 1575 1891 ’

110 2031 181 2107 que
209 2009 473 2108 patrimonium
499 2010 744 2086 Demostheni
773 2010 934 2090 tradidit.
979 2012 1066 2087 Non
1096 2013 1283 2113 quaeritur
1308 2011 1424 2110 igitur
1452 2010 1498 2089 de

106 2132 212 2232 jure,
241 2133 307 2210 sed
327 2135 372 2210 de
393 2135 501 2210 facto.

217 2278 296 2353 2-0.
324 2277 587 2353 Demosthenis
616 2269 743 2347 κατὰ
774 2269 986 2366 Στεφάνου
1018 2277 1081 2353 1-0
1109 2290 1146 2353 et
1174 2278 1250 2353 2·a.
1288 2277 1497 2376 Agiturde

109 2400 203 2477 falso
224 2403 446 2478 testimonio.
475 2402 576 2500 Ergo
597 2401 642 2478 de
663 2403 771 2478 tacto.

217 2546 294 2621 3-0.
322 2544 585 2622 Demosthenis
603 2537 731 2616 κατά
756 2537 926 2644 Εὐέργου
946 2545 1014 2615 καὶ
1039 2540 1329 2641 Μνησιβούλου.
1357 2549 1497 2627 Iterum

109 2667 154 2746 de
176 2671 270 2747 falso
290 2671 510 2747 testimonio.

217 2817 292 2891 4-0.
325 2812 590 2891 Demosthenis
619 2806 748 2883 κατά
774 2805 1106 2908 Ὀλυμπιοδώρου.
1143 2816 1202 2889 Ι)0
1234 2812 1322 2890 dato
1350 2815 1495 2892 damno.

111 2939 230 3037 Igitur
249 2941 294 3015 de
313 2941 440 3039 iniquo
460 2941 570 3015 facto.

218 3087 293 3158 5·o.
321 3081 582 3159 Demosthenis
606 3075 734 3154 κατὰ
763 3075 952 3165 Κόνωνος.
991 3080 1114 3159 Aristo
1140 3079 1335 3158 Cononem
1363 3082 1495 3158 verbe·

109 3209 263 3287 rationis
283 3220 451 3303 accusat,
472 3219 510 3283 et
529 3208 608 3308 ejus
631 3208 650 3282 f
656 3209 755 3283 acti
778 3219 892 3284 testes
911 3206 1092 3308 producit.

217 3336 292 3427 6-0.
322 3348 586 3426 Demosthenis
619 3342 747 3421 κατὰ
784 3342 1091 3445 Διονυσοδώρου.
1148 3351 1287 3429 Iterum
1324 3350 1371 3428 de
1408 3349 1495 3443 dato

110 3477 257 3555 damno.

209 3604 290 3679 '7·o.
320 3600 456 3702 Lysiae
481 3596 609 3674 κατοὶ
636 3604 890 3706 Διογείτονος.
929 3602 1112 3682 Diodotus
1136 3605 1174 3679 in
1194 3601 1322 3682 Asiam
1340 3603 1494 3703 naviga·

107 3740 212 3805 turus
239 3741 504 3806 testamentum
532 3730 697 3806 condidit
724 3731 962 3831 puerulisque
993 3732 1068 3808 suis
1101 3742 1262 3808 tutorem
1289 3730 1495 3830 assignavit

106 3854 358 3956 Diogitonem.
396 3855 559 3931 Diodoto
577 3868 742 3951 mortuo,
773 3881 887 3956 quum
905 3855 1086 3954 Diogiton
1114 3856 1240 3933 omnia
1266 3856 1495 3959 pupillorum

109 3981 209 4057 bona
227 3981 520 4057 administrasset
539 3992 575 4056 et
594 4007 640 4056 ex
659 3982 785 4082 ampla
803 3981 955 4056 fortuna
973 3981 1017 4055 iis
1036 3979 1128 4057 nihil
1147 3980 1328 4071 dedisset,
1348 3982 1397 4057 ab
1417 4006 1494 4057 uno

111 4132 332 4209 puerorum,
363 4108 425 4206 qui
450 4106 596 4182 virilem
614 4117 742 4204 togam
760 4118 988 4206 sumpserat
955 4107 1116 4182 001010
1136 4105 1415 4215 administratae
1435 4118 1492 4183 tu·

108 4230 630 4332 telae,ergoiniqu1fact1
650 4243 853 4308 accusatur.

218 4375 296 4450 8·.o
327 4371 461 4476 Lysiae
486 4399 578 4445 κατ
580 4365 805 4459 Ευιιλεους
817 4373 978 4467 χωρίου
1009 4375 1177 4473 (Fragm
1200 4371 1286 4449 100.
1301 4371 1364 4459 ed.
1391 4368 1493 4450 Car.

111 4498 321 4591 Mulier.)
351 4499 481 4575 Oratio
501 4499 578 4597 egit
597 4498 643 4576 de
663 4499 780 4575 fundo
791 4554 802 4592 ,
832 4511 867 4575 et
890 4499 1041 4600 quidem
1068 4497 1363 4603 probabiliter
1328 4525 1365 4573 vr
1384 4522 1492 4573 occu·

108 4637 207 4725 pato.
243 4624 397 4701 Poterat
424 4624 538 4722 igitur
564 4624 721 4700 fortasse
750 4623 862 4701 etiam
890 4623 986 4699 actio
1014 4625 1162 4725 privata
1179 4618 1333 4712 ἐξούλης
1351 4621 1492 4698 institui

106 4778 134 4820 κ
145 4776 169 4821 α
180 4745 235 4821 πά
253 4775 374 4837 τινος,
395 4751 426 4826 si
436 4734 513 4824 non
523 4749 770 4849 quaerebatur
779 4777 867 4827 num
880 4750 967 4851 jure
986 4749 1067 4849 quis
1085 4749 1242 4826 fundum
1260 4757 1491 4848 occupasset,

108 4874 173 4952 sed
203 4876 285 4976 ipsa
314 4874 480 4950 violenta
506 4875 623 4970 actio,
660 4890 846 4975 tamquam
874 4876 1041 4975 iniquum
1068 4875 1209 4951 factum
1236 4873 1491 4950 accusabatun

109 5001 192 5077 Hoc
209 5001 320 5076 modo
340 5000 453 5098 igitur
473 5024 602 5076 verum
621 4999 773 5077 dixisset
799 4999 890 5076 Sch
902 5025 1187 5094 ecmannus,
1208 5000 1320 5076 etiam
1337 4990 1491 5085 ἐξούλης

108 5127 292 5205 actionem
312 5126 425 5200 fuisse
451 5120 578 5196 κατά
597 5150 712 5211 τινος.
