3436 5790
455 442 762 495 connanrnrrros
782 442 834 491 ,tn
857 441 918 493 145.
942 440 1005 494 ια.
1025 444 1088 496 rra.
1385 424 1462 504 435

68 639 159 710 σιάν
179 627 200 710 ri
222 634 366 732 κῆρυξ,
398 628 476 708 οὐκ
505 630 542 706 εἴ
567 658 665 716 τινες
694 630 1009 726 ἐξηπατήθησαν,
1040 630 1123 710 ἀλλ’
1155 636 1195 710 εἴ
1218 666 1273 721 τις
1293 633 1460 737 ἐξαπατᾷ
1490 690 1493 697 -

70 766 189 865 λέγων
210 756 232 851 ἢ
249 756 401 858 βουλὴν
423 753 445 848 ii
465 756 599 856 δῆμον.
1387 758 1391 764 ’

176 890 250 965 Ubi
268 884 434 984 ἐξαπατᾷ
456 887 638 987 ls'ycrvita
648 895 736 961 sunt
745 885 1010 987 intelligenda:
1032 885 1259 989 δημηγορῶν
1279 887 1458 986 ἐξαπατᾷ.
1517 883 1520 889 ’

174 1018 240 1108 (ln
267 1016 421 1114 singulis
451 1012 693 1089 concionibus
719 1037 856 1110 praeco
877 1015 965 1091 diris
985 1016 1150 1092 devovet
1169 1042 1247 1091 non
1265 1016 1456 1118 deceptos,

67 1144 133 1221 sed
152 1145 258 1222 illum
276 1146 338 1244 qui
357 1142 481 1219 verbis
502 1142 561 1216 vel
581 1151 754 1217 senatum
772 1141 833 1215 vel
854 1141 1033 1243 populum
1053 1142 1226 1243 decipit.)

654 1352 729 1437 Ad
757 1355 868 1435 145.

175 1517 496 1620 Aristophan.
526 1519 923 1596 Ecclesiazusae.
953 1517 1178 1595 aco-310.
1209 1546 1265 1595 v.:
1295 1519 1391 1596 Vide
1417 1533 1458 1595 ut

66 1645 321 1748 propellamus
351 1644 461 1737 istos,
500 1645 564 1745 qui
593 1669 638 1720 ex
667 1645 759 1721 urbe
789 1645 967 1740 veniunt;
1006 1646 1069 1745 qui
1098 1644 1248 1744 quidem
1275 1645 1454 1737 antehac,

66 1798 180 1871 quum
199 1772 396 1846 unicum
416 1772 611 1847 obolum
630 1772 844 1874 acciperent
861 1771 910 1847 ad
929 1772 1150 1847 concionem
1168 1770 1377 1864 venientes,
1398 1796 1454 1846 se-

65 1896 203 1974 debant
221 1896 518 1992 confabulantes,
532 1924 616 1973 cum
636 1897 780 1974 coronis
801 1897 1079 1974 convivalibus:
1100 1923 1201 1973 nunc
1221 1906 1345 1972 autem
1364 1923 1454 1998 prae
1504 1902 1507 1908 ’

63 2021 172 2098 turba
190 2021 336 2099 molesti
356 2034 454 2098 sunt.
485 2020 535 2098 At
553 2024 652 2099 enim
671 2050 785 2123 quum
803 2021 943 2098 archon
965 2033 1044 2098 erat
1063 2046 1270 2121 generosus
1291 2021 1352 2097 ille
1372 2021 1453 2125 My-

63 2147 233 2242 ronides‚
265 2174 375 2223 nemo
403 2174 514 2224 ausus
539 2149 669 2226 fuisset
689 2175 708 2224 e
728 2148 954 2249 reipublicae
975 2148 1293 2225 administratione
1312 2172 1452 2224 merce-

64 2272 147 2349 dem
168 2272 286 2349 ferre:
314 2272 378 2349 sed
399 2274 575 2350 veniebat
594 2276 847 2375 unusquisque
866 2276 905 2348 in
924 2274 1072 2350 sacculo
1092 2273 1234 2349 habens
1253 2283 1385 2374 potum
1404 2272 1452 2349 si·

63 2399 137 2474 mul
157 2424 365 2500 panemque
385 2409 421 2475 et
441 2399 533 2474 duas
553 2425 684 2500 cepas,
705 2409 855 2500 trosque
875 2400 992 2476 olivas
1014 2401 1169 2476 circiter.
1199 2401 1310 2476 Nunc
1328 2411 1453 2475 autem

63 2525 335 2601 triobolum
364 2525 531 2624 accipere
562 2525 773 2625 postulant,
804 2551 918 2624 quum
938 2523 1076 2624 aliquid
1097 2521 1270 2625 publicae
1289 2524 1341 2599 rei
1362 2524 1451 2600 faoi-

48 2661 148 2744 ‘unt,
177 2649 282 2750 quasi
303 2648 396 2725 viles
415 2648 586 2749 operarii.

126 2835 130 2843 ·
170 2791 302 2868 Idem
330 2792 379 2868 in
398 2793 545 2870 Pluto
565 2793 790 2869 329--33c
810 2821 864 2869 v.:
896 2794 1054 2896 Propter
1073 2806 1147 2871 tres
1167 2794 1299 2871 obolos
1318 2793 1450 2873 identi-

63 2915 146 2993 dem
164 2918 203 2992 in
221 2918 401 2995 concione
420 2918 482 2996 alii
502 2918 594 2996 alios
613 2920 806 2997 trudimus.

649 3128 725 3214 Ad
753 3132 862 3214 14⁷.

167 3295 289 3373 Schol.
311 3297 549 3400 Aristophan.
575 3297 736 3375 Acharn.
760 3297 857 3373 171:
886 3291 1067 3393 διοσημία
1097 3293 1139 3369 δέ
1164 3303 1268 3372 ἐστιν
1295 3289 1317 3372 ὁ
1347 3295 1449 3398 παρὰ

61 3414 200 3518 καιρὸν
214 3419 375 3519 χειμών.
407 3423 627 3519 (Ostentum
646 3435 771 3500 autem
792 3436 848 3500 est
868 3423 1122 3525 inopportuna
1141 3430 1373 3527 tempestas.)

651 3634 727 3718 Ad
753 3638 861 3719 148.

164 3804 208 3879 ln
235 3802 358 3893 locum
386 3799 465 3875 τῶν
494 3800 531 3877 δὲ
565 3799 758 3900 προέδρων
794 3808 954 3887 ἕκαστος
992 3798 1176 3897 ὀφειλέτω
1212 3798 1447 3899 τετταρά-

59 3953 218 4000 κοντα
248 3921 443 4025 δραχμάς,
472 3930 647 4006 substitui
671 3929 814 4026 μυρίας
843 3922 1017 4027 δραχμάς
1037 3957 1056 4006 c
1076 3930 1292 4007 coniectura
1310 3929 1444 4007 doctis-

57 4052 138 4130 simi
158 4054 428 4132 Westernrann.
459 4054 939 4155 (Untersuclrungen
964 4056 1085 4133 iiber
1110 4055 1186 4130 die
1211 4056 1259 4131 in
1284 4055 1357 4132 die
1383 4066 1444 4132 at·

57 4179 824 4281 tischenRednereingelegten
844 4180 1131 4259 Urkunden.
1153 4181 1310 4285 Leipzig
1332 4180 1445 4259 1850.

56 4330 92 4404 p.
113 4306 174 4381 32.
194 4308 292 4406 seq.)

163 4430 391 4507 Timocrates
412 4433 534 4533 (apud
552 4432 744 4541 Demostlt
767 4459 796 4510 o.
819 4433 1016 4509 Timocrat.
1037 4462 1072 4534 p.
1094 4434 1195 4529 708)
1214 4434 1361 4534 rogavit
1381 4434 1444 4512 de·

57 4569 217 4635 oretum:
247 4557 484 4634 nomothetas
504 4585 584 4634 esse
604 4557 742 4634 debere
762 4559 863 4635 mille
885 4570 922 4635 et
941 4584 1066 4634 unum.

162 4681 236 4758 Sed
256 4694 350 4758 teste
370 4683 522 4760 Polluce
543 4683 672 4778 (VIII,
693 4683 790 4777 101)
810 4683 1048 4760 nomothetae
1068 4697 1174 4761 erant
1193 4686 1304 4763 mille.

160 4809 259 4887 Hine
279 4818 382 4910 patet
401 4836 594 4885 numerum
623 4808 923 4913 nomothetarum
953 4836 1028 4885 non
1051 4838 1198 4916 semper
1218 4814 1332 4889 fuisse
1353 4840 1440 4889 eun·

55 4933 157 5029 dem,
188 4945 253 5010 aut
282 4961 369 5009 vere
399 4936 468 5009 sub
499 4935 596 5013 mille
627 4936 853 5013 nomothetis
883 4937 1107 5036 quingentos
1136 4949 1327 5014 senatores
1357 4964 1441 5013 cum

54 5063 267 5162 quingentis
287 5060 511 5137 nomothetis
528 5062 684 5163 intelligi
704 5063 853 5139 debere.
892 5060 1105 5141 Andocides
1125 5066 1224 5142 enim
1243 5065 1312 5159 (de
1331 5075 1440 5165 myst.

55 5182 88 5288 ξ.
108 5185 287 5281 83-84)
307 5189 535 5265 mentionem
553 5190 644 5267 facit
660 5191 952 5291 quingentorum
971 5191 1280 5269 nomothetarum.
1311 5188 1368 5269 Of.
1388 5190 1439 5267 le·

1161 5312 1227 5380 28*
