3404 5782
148 415 227 491 228
695 433 760 485 ios
782 429 991 484 ευεειεαω.

796 621 885 696 901.

255 770 314 848 Ad
335 771 432 849 fests
440 770 710 871 Dionysiorum
721 716 888 845 Athenas
907 762 1031 839 ferant
1049 763 1190 841 tributa
1210 763 1334 839 sociae
1353 754 1539 838 eivitates.

803 930 891 1005 902.
1000 1031 1007 1043 ἱ

253 1070 542 1164 ’Λπάταξις,
580 1067 624 1147 τὸ
648 1075 768 1170 χωρίς
801 1066 989 1166 τετάχθαι
1018 1063 1110 1154 τούς
1138 1062 1323 1164 πρότερον
1360 1059 1539 1154 ἀλλήλοις

153 1205 473 1303 συντεταγμένους
491 1201 545 1284 τίς
563 1193 608 1274 τά
629 1189 830 1277 ὑποτελεῖν
847 1190 919 1272 τὸν
938 1185 1150 1292 ὡρισμένον
1168 1188 1303 1289 φόρον.

1124 1318 1429 1421 (Harpocratio.)

799 1430 887 1509 902.

261 1575 441 1680 Apotsxis
459 1586 517 1651 est
533 1574 719 1676 separatio
743 1599 891 1668 eorum,
918 1571 981 1673 qui
1010 1582 1097 1647 ante
1120 1570 1243 1674 junoti
1269 1579 1449 1647 statutum
1477 1570 1540 1646 tn'·

155 1704 287 1782 butum
305 1700 532 1804 pendebant.

700 2464 1003 2533 Collatio.

808 2632 896 2707 903.

261 2768 363 2853 Ἀπὸ
382 2772 461 2850 πῶν
477 2771 683 2872 κτημάτων
701 2778 910 2873 εἰσφέρειν,
933 2769 993 2871 μή
1017 2768 1094 2847 άπὸ
1115 2770 1193 2848 τῶν
1211 2767 1407 2868 σωμάτων.

713 2995 733 3033 0
798 2899 1013 2995 (Demosth.
1033 2927 1064 2977 ο.
1083 2898 1304 2980 Androtion.
1323 2898 1436 2992 009.)

803 3059 893 3135 903.

267 3205 324 3281 De
343 3201 640 3306 possessionibus
660 3205 753 3282 fiant
771 3204 1011 3301 collationes,
1040 3204 1182 3282 nonde
1203 3205 1434 3307 eorporibus.

810 3367 898 3443 904.

272 3500 469 3602 Τιμὴματά
487 3511 565 3580 ε’·στι
583 3511 760 3604 τέτταρα·
791 3505 1241 3606 πεντακοσιομεδίμνων,
1270 3508 1427 3597 ἱστιέων,
1458 3515 1543 3601 ζευ-

162 3629 291 3735 γιτῶν,
318 3628 502 3719 θητικῶν.
534 3632 581 3706 Οί
596 3633 671 3728 μὲν
689 3631 1099 3730 πεντακοσιομέδιμνοι
1118 3639 1164 3709 ἐκ
1182 3631 1255 3708 τοῦ
1276 3639 1543 3708 πεντακοσίων

157 3753 357 3855 μεδίμνων
381 3761 499 3854 μέτρα
526 3747 627 3860 άγρά
655 3761 723 3831 καί
751 3755 843 3855 ξηρά
863 3768 988 3833 ποιεῖν
1006 3763 1233 3848 κληθέντες,
1261 3753 1544 3837 ἀναλίσκουσιν

162 3885 215 3968 εἰς
242 3877 287 3954 τὸ
316 3878 500 3980 δημόσιον
527 3879 655 3955 κατά
684 3881 896 3962 τάλαντον·
940 3886 976 3958 οί
1006 3882 1044 3959 δὲ
1075 3881 1145 3974 τὴν
1171 3881 1319 3958 ἱππάδα
1345 3884 1543 3970 τελοῦντες

163 4011 210 4081 εἰι
223 4005 298 4102 μὲν
316 4003 387 4080 τοῦ
407 4004 603 4082 δύνασθαι
620 4012 774 4104 τρέφειν
790 4012 930 4094 ἵππους
947 4014 1165 4099 κέκληνται,
1195 4006 1350 4084 ποιοῦσι
1370 4008 1409 4084 δὲ
1424 4016 1542 4109 μέτρα

164 4282 251 4334 σιον
267 4257 465 4347 τελοῦντες
484 4255 560 4335 ἀπὸ
582 4258 795 4337 διακοσίων
809 4267 958 4362 μέτρων
976 4267 1267 4364 καταλέγονται,
1287 4255 1543 4338 ἀναλίσκουσι

166 4380 205 4459 δὲ
229 4380 357 4458 κατά
381 4384 483 4483 μνᾶς
508 4383 621 4461 δέκα·
649 4388 684 4464 oi
704 4385 743 4462 δὲ
762 4383 807 4462 τὸ
829 4384 1015 4479 θητικὸν,
1045 4383 1234 4486 οὐδεμίαν
1251 4383 1377 4484 ἀρχὴν
1395 4380 1542 4488 ἄρχου-

166 4533 249 4601 σιν,
279 4504 369 4586 οὐδὲ
391 4505 644 4587 ἀναλίσκουσι
665 4520 768 4587 κατ’
788 4509 915 4591 οὐδέν.

898 4626 1052 4718 (Polus
1072 4624 1175 4720 vm,
1197 4622 1440 4719 129-130.)

813 4787 901 4860 904.

273 4907 461 4984 Oensuum
498 4909 633 4986 classes
669 4921 756 4987 sunt
792 4923 973 5012 quatuor:
1026 4913 1539 5006 Pontaoosiomedimnorum,

168 5037 363 5138 Equitum,
398 5035 646 5135 «lugentum,
683 5037 1007 5115 Meroenariorum.
1060 5040 1107 5113 Et
1142 5040 1196 5115 illi
1235 5038 1408 5139 quidem,
1447 5040 1541 5140 quod

168 5163 393 5270 quingentos
424 5160 630 5241 medimnos
657 5161 883 5268 liquidorum
911 5174 948 5240 et
980 5162 1169 5246 aridorum
1205 5164 1403 5266 colligant,
1442 5167 1542 5261 dicti,
