3404 5782
147 368 225 443 456
482 387 791 440 coneranranms
810 387 864 436 an
885 384 947 436 aas.
968 384 1030 440 253.
1050 384 1113 440 aee.
1134 384 1196 439 261.

149 592 255 659 erant
273 581 425 681 quidam
444 581 485 656 in
504 579 682 673 Piraeeo,
711 580 774 680 qui
804 579 1060 680 magistratum
1085 589 1293 679 gesserunt
1327 578 1408 655 sub
1440 590 1563 680 tyran-

147 707 236 783 nide
264 706 420 805 triginta
446 705 618 781 virorum.
662 703 737 781 Sed
766 703 878 780 etiam
905 702 1130 782 mandarunt
1156 706 1222 800 iis,
1252 705 1445 782 rationes
1474 707 1565 804 gesti

147 833 385 932 magistratus
413 829 512 907 dare.
560 832 617 907 Ne
646 830 860 928 ignoremus
889 842 1035 923 autem,
1064 832 1164 931 quod
1193 832 1257 909 alii
1293 831 1381 910 sint
1413 832 1563 926 decem,

149 982 242 1059 quos
260 954 509 1036 Athenienses
527 955 645 1059 pulsis
665 956 822 1057 triginta
840 955 930 1033 viris
948 957 1176 1056 elegerunt.)

743 1167 820 1251 An
844 1169 960 1255 240.

258 1335 477 1414 Aristoteles
497 1336 543 1412 de
563 1334 755 1412 Clisthene
776 1335 884 1429 dicit,
916 1336 1015 1436 quod
1036 1335 1344 1413 demarchos
1378 1364 1403 1411 c
1416 1368 1440 1414 ο
1453 1339 1564 1413 nsti-

150 1463 304 1539 tuerit
332 1462 464 1539 eadem
491 1461 618 1538 munia
646 1485 741 1560 quae
770 1460 862 1540 olim
888 1461 1056 1536 naucrari
1084 1461 1297 1557 obeuntes3
1331 1465 1491 1539 etenim
1510 1463 1564 1538 de·

149 1616 231 1665 mos
248 1611 315 1664 sen
332 1612 455 1689 pagos
474 1585 754 1665 naucrariarum
772 1585 854 1664 loco
875 1584 1025 1662 fecerat.
1064 1583 1247 1679 (Schol.
1281 1587 1339 1662 in
1372 1589 1413 1667 A
1425 1590 1564 1666 risto-

149 1712 287 1818 phan.
315 1711 491 1790 Nubes.
520 1711 604 1805 37.)

258 1855 472 1935 Secundum
489 1856 724 1935 Demetrium
743 1853 967 1932 Phalereum
986 1854 1101 1933 Solon
1120 1855 1289 1933 institnit
1311 1856 1565 1953 demarchos,

151 2007 381 2083 magnopere
401 1982 576 2077 studens,
607 1991 647 2057 ut
674 1982 813 2082 pagani
838 1980 876 2055 in
895 1981 1053 2078 singulis
1072 1980 1181 2082 pagis
1201 2007 1225 2058 a
1243 2008 1290 2060 se
1314 1984 1499 2064 invicem
1512 1987 1566 2088 jus

150 2107 382 2208 acciperent,
412 2106 556 2208 sibique
575 2105 716 2183 darent.
745 2104 912 2201 (Ibid.)

257 2247 408 2326 Bekker
439 2245 580 2327 Anecd.
608 2274 664 2348 gr.
691 2251 721 2326 Ι.
750 2277 785 2351 p.
815 2248 913 2323 237:
945 2243 1236 2344 Δήμαρχος.·
1269 2241 1295 2324 ὁ
1330 2251 1414 2327 τοῦ
1450 2251 1566 2349 δήμου

151 2365 303 2472 ἄρχων*
331 2376 491 2460 ἕκαστος
510 2369 549 2447 δὲ
568 2372 647 2446 τῶν
664 2368 766 2445 κατὰ
786 2367 858 2461 τὴν
872 2367 1008 2469 χώραν
1028 2367 1158 2468 δῆμον
1176 2364 1371 2471 ἄρχοντα
1395 2375 1485 2474 εἶχε
1504 2375 1566 2452 τὸν

153 2493 434 2600 προὶοτάμενον
463 2493 600 2574 αὐτοῦ.
643 2497 898 2596 (Demarchus
926 2510 982 2575 est
1010 2500 1099 2600 pagi
1128 2502 1326 2604 princeps.
1382 2507 1565 2607 Singulas

151 2637 276 2708 autem
295 2653 315 2705 e
333 2627 486 2728 regione
506 2650 626 2730 pagus
646 2624 810 2703 habebat
832 2626 1060 2728 principem,
1090 2628 1153 2725 qni
1172 2627 1205 2706 ei
1227 2638 1463 2730 praeerat)

741 2836 816 2919 Ad
837 2837 952 2920 25³.

259 3004 384 3084 Schol.
406 3004 453 3081 ad
474 3001 644 3081 Aeschin.
665 3004 853 3081 Timaroh.
876 3004 972 3079 119:
1003 3008 1048 3077 Π
1057 3008 1170 3077 miei
1196 2997 1292 3079 ἀντὶ
1321 3007 1405 3083 τοῦ
1424 3015 1562 3108 μισθοῖ

153 3139 232 3216 τοῖς
259 3124 448 3212 τελώναις.
489 3128 704 3221 (Vendit
732 3129 865 3207 dicitur
894 3158 964 3231 pro
993 3131 1223 3209 mercede
1253 3134 1412 3212 locat
1444 3136 1558 3239 publi-

152 3258 285 3350 canis.)

741 3375 817 3459 Ae
839 3376 952 3459 250.

260 3545 350 3623 Len.
371 3542 525 3643 Seguer.
544 3570 581 3644 p.
602 3541 699 3617 291:
729 3534 829 3639 ἀρχή
857 3569 912 3627 τις
936 3535 1152 3631 Ἀθήνησιν
1180 3545 1288 3616 ἐστιν
1311 3536 1334 3634 ἦ
1359 3545 1447 3622 τῶν
1470 3551 1556 3621 Πο-

153 3664 299 3761 λητῶν,
340 3667 383 3742 οἳ
408 3669 477 3739 καὶ
505 3668 783 3763 φροντίζουσιν
812 3659 913 3753 ὅπως
946 3657 966 3756 ἦ
997 3661 1085 3764 τιμή
1115 3665 1192 3741 τῶν
1220 3677 1555 3769 πιπρασκομένων

154 3790 337 3890 ἀποδοθῇ
367 3790 412 3889 τῇ
441 3786 559 3869 πόλει.
598 3793 860 3892 (Magistratus
889 3793 1040 3894 quidam
1060 3791 1215 3870 Athenis
1235 3807 1295 3872 est
1316 3800 1552 3898 poletorum,

153 3923 217 4024 qui
245 3924 359 4002 etiam
384 3946 512 3999 curam
540 3930 695 4022 gerunt,
726 3930 766 3998 ut
795 3920 1030 3998 venditarum
1059 3946 1178 3997 rerum
1206 3924 1383 4023 pretinm
1415 3926 1550 4004 civitati

153 4047 362 4140 reddatur.)

261 4169 488 4274 Hesychius:
520 4155 641 4244 Οὗτοι
664 4166 833 4244 πωλοῦσι
852 4175 923 4244 καὶ
941 4166 988 4244 τοὶ
1008 4173 1322 4269 ἑνεχυρισθέντα.
1368 4181 1444 4274 (Ηί
1464 4206 1546 4256 ven-

154 4296 248 4375 dnnt
266 4297 378 4374 etiam
397 4297 498 4373 bona
516 4297 599 4374 loco
618 4295 787 4398 pignoris
807 4296 963 4392 ablata.)

261 4420 403 4498 Eadem
432 4422 561 4497 dicunt
590 4421 820 4523 Hesychius,
851 4422 985 4502 Suidas
1005 4426 1074 4501 sub
1095 4450 1184 4502 voce
1209 4427 1495 4528 Κωλακρέται,
1522 4442 1552 4505 et

155 4545 294 4627 Lexica
312 4545 544 4649 Segueriana
562 4575 598 4648 p.
620 4545 709 4623 275.

746 4705 822 4789 Ad
851 4707 952 4788 201.

260 4870 475 4974 Apodectae
493 4872 531 4947 in
551 4873 672 4950 locum
684 4873 965 4951 Colacretarum
984 4873 1208 4951 aOlisthene
1228 4878 1442 4982 srrbrogati
1461 4895 1550 4970 sunt

153 5008 193 5074 ut
210 5009 367 5102 apparet
393 4998 741 5097 eHarpocrationis
768 5000 807 5075 in
835 5000 918 5097 lege
946 5011 1074 5077 nostra
1101 5001 1214 5077 citato
1243 5003 1358 5082 loco:
1392 5009 1433 5080 οἱ
1454 5003 1547 5080 ἀπο-

153 5116 282 5197 δέκται
309 5113 388 5201 ὕπὸ
416 5125 675 5209 Κλεισθένους
709 5117 796 5202 ἀντὶ
829 5120 908 5197 τῶν
943 5124 1200 5225 κωλακρετών
1241 5121 1556 5228 ἀπεδείχθησαν·
