3436 5790
174 431 259 520 ‘548
481 450 793 519 comnmustms
810 460 864 515 sn
886 457 965 515 roos.
986 459 1066 517 roso.
1087 457 1166 515 roso.
1188 461 1267 516 ross.

176 657 279 753 diae,
299 657 547 751 collocarunt,
568 655 667 734 unde
686 657 812 732 nullus
828 663 955 754 posset
971 654 1119 733 abduci.
1148 655 1355 732 Pausanias
1379 654 1561 750 (1‚17,1)

176 784 357 884 templum
384 781 456 861 hoc
493 794 604 859 vocat
639 807 771 861 aram
812 779 1192 858 Misericordiae
1228 781 1367 875 (ἐλέου
1384 773 1561 877 βωμός),

176 932 270 1008 quae
289 908 328 984 in
346 907 427 985 foro
446 920 524 987 erat
542 909 674 1011 posita

281 1032 438 1134 Asylum
462 1043 587 1110 tamen
615 1059 693 1112 non
720 1032 792 1110 fuit
818 1031 857 1108 in
881 1033 1054 1109 omnibus
1072 1032 1242 1134 templis,
1270 1030 1338 1108 sed
1358 1030 1507 1108 nonnisi
1525 1031 1562 1107 in

174 1157 238 1251 iis,
260 1157 396 1260 quibus
413 1157 452 1235 id
470 1158 761 1241 consecrationis
780 1157 865 1257 lege
886 1183 1102 1235 concessum
1122 1167 1229 1235 esset.
1259 1156 1486 1251 (Servius
1516 1139 1562 1231 ad

175 1280 331 1359 Aeneid.
348 1283 397 1372 fl,
418 1282 530 1376 761).
568 1283 609 1361 Si
638 1282 738 1361 enim
767 1283 893 1360 omnia
920 1284 1077 1360 deorum
1103 1293 1216 1384 atque
1245 1283 1402 1361 heroum
1422 1281 1563 1381 templa

172 1406 267 1508 asyli
280 1407 344 1508 jus
363 1407 593 1504 habuissent,
613 1409 774 1484 inaniter
793 1407 947 1484 dixisset
965 1407 1152 1484 Diodorus
1174 1406 1320 1484 Siculus
1339 1406 1428 1502 (IV,
1441 1405 1504 1499 62,
1517 1407 1560 1495 A)

175 1530 422 1611 Athenienses
442 1533 589 1634 asylum
608 1532 739 1611 fecisse
758 1531 895 1608 Thesei
914 1530 1105 1634 templum.

278 1655 335 1733 Cf.
354 1657 567 1734 Wallon:
595 1659 657 1734 Du
677 1656 776 1735 droit
794 1655 827 1732 d'
846 1657 948 1733 asile.
977 1656 1103 1750 (Paris
1125 1657 1261 1750 1937.)
1286 1700 1337 1710 -
1366 1657 1558 1758 Maury:

172 1779 335 1857 Histoire
364 1781 430 1859 des
453 1780 629 1880 religions
650 1781 753 1858 dela
773 1779 895 1858 Grece
924 1782 1088 1882 antique.
1117 1783 1223 1859 Tom.
1244 1784 1292 1878 Π,
1321 1812 1357 1885 p.
1378 1782 1442 1859 68.
1470 1783 1559 1877 (Pa-

170 1907 219 1982 ris
239 1906 373 2001 1857.)

211 2123 216 2129 ι
296 2101 299 2108 ,
449 2124 451 2128 Ι
748 2010 984 2094 Μ1000.

278 2158 467 2238 Aristotel.
487 2152 638 2234 Rhetor.
660 2160 689 2253 I,
709 2158 770 2253 10,
792 2160 836 2234 3:
857 2151 1010 2230 ἀδικεῖν
1028 2151 1074 2230 τὸ
1093 2153 1278 2258 βλάπτειν
1297 2153 1440 2234 ἑκόντα
1459 2155 1557 2256 παρὰ

169 2279 240 2358 τὸν
260 2279 393 2380 νόμον.
424 2285 625 2385 (injuriam
653 2284 775 2361 facere
805 2296 862 2361 est
889 2296 1024 2386 sponte
1053 2284 1200 2364 laedere
1225 2285 1406 2388 adversus
1424 2287 1556 2386 legem.

277 2411 352 2504 Qui
369 2402 500 2481 ἀδικεῖ
516 2410 695 2486 adversus
715 2435 800 2485 eum
818 2410 915 2486 actio
940 2400 1099 2482 ἀδικίου
1125 2410 1252 2505 datm,
1281 2423 1322 2487 ut
1342 2412 1472 2488 dicunt
1490 2413 1555 2489 Le·

169 2534 252 2612 xica
271 2533 500 2634 Segueriana
518 2538 625 2639 (pag.
648 2535 755 2629 199),
784 2537 997 2637 mulctaque
1017 2537 1232 2638 pecuniaria
1250 2537 1416 2633 (τίμημα
1436 2529 1554 2639 ἀργυ-

169 2661 276 2758 ρίου)
296 2662 541 2757 constituitur,
561 2686 656 2763 quae
676 2661 707 2737 si
722 2671 808 2763 post
824 2661 940 2739 latam
958 2664 1185 2740 sententiam
1204 2673 1292 2742 ante
1311 2689 1452 2740 nonam
1470 2690 1553 2765 pry-

169 2788 307 2864 taniam
326 2789 473 2865 reddita
490 2813 567 2864 non
585 2787 736 2879 suisset,
765 2787 1039 2890 duplicabatur.
1115 2883 1116 2886 Ἴ

275 2916 361 2992 Non
381 2915 501 2991 omnis
520 2905 657 2985 ἀδικία
675 2914 789 3013 igitur
807 2913 986 2993 adversus
1005 2917 1188 3020 populum
1207 2918 1415 3011 commissa,
1436 2928 1551 2992 morte

169 3037 436 3131 mulctabatur,
470 3036 535 3115 sed
570 3037 722 3115 minoris
760 3040 939 3116 momenti
976 3040 1189 3142 iniquitates
1226 3042 1386 3142 pecunia
1424 3042 1551 3142 punie-

171 3162 318 3240 bantur.

729 3266 980 3396 ,001000

274 3412 537 3493 Themistoclis
564 3442 649 3493 ossa
676 3418 880 3520 propingui
908 3418 1025 3520 ipsius
1053 3420 1206 3497 domum
1242 3429 1482 3522 reportarunt
1517 3431 1553 3500 et

167 3539 265 3617 clam
285 3526 575 3617 Atheniensibus
593 3541 632 3616 in
652 3567 743 3640 agro
764 3539 886 3620 Attico
913 3543 1133 3641 humarunt;
1162 3572 1256 3622 non
1284 3548 1413 3622 enim
1441 3546 1547 3622 lice·

166 3665 249 3742 bat
275 3667 517 3768 sepelire,
544 3677 594 3742 ut
622 3668 702 3766 qui
731 3679 864 3745 esset
890 3671 1202 3771 proditionis
1229 3695 1351 3748 rens.

272 3790 502 3891 (Thucydid.
521 3792 552 3887 1,
574 3791 682 3883 138.)

738 3931 815 4016 Ad
834 3934 977 4017 1030.

205 4131 206 4135 ¹
272 4077 394 4154 Etiam
423 4067 709 4157 Lacedaemonii
738 4081 860 4180 legem
888 4081 1053 4159 tulerunt
1076 4050 1122 4160 de
1142 4083 1316 4160 omnibus
1335 4040 1549 4163 nolentibus

164 4230 233 4304 pro
252 4204 371 4305 patria
389 4203 511 4279 subire
539 4206 761 4306 periculum,
790 4208 917 4309 palam
946 4207 1234 4286 demandantem
1262 4222 1302 4285 ut
1325 4210 1549 4289 moriantur.

180 4383 186 4392 x
271 4329 453 4430 (Lycur
461 4356 498 4428 g.
519 4356 550 4409 c.
570 4327 738 4410 Leocrat.
760 4326 793 4432 ξ
815 4332 925 4426 129.)

741 4543 818 4628 Aa
837 4547 971 4631 10³1.

270 4687 388 4767 Plato.
417 4687 507 4789 Leg.
536 4693 624 4787 955,
654 4695 791 4772 ss-c:
820 4694 861 4771 Si
890 4696 972 4794 quis
1001 4695 1175 4795 privatim
1202 4719 1335 4795 pacem
1355 4693 1445 4772 facit
1463 4721 1549 4771 cum

163 4814 347 4916 aliquibus
367 4815 428 4891 vel
445 4817 587 4891 bellum
606 4818 685 4893 sine
704 4819 919 4922 republica,
951 4831 1070 4895 morte
1093 4821 1253 4920 punitor.
1292 4819 1332 4896 si
1351 4847 1441 4897 vero
1460 4847 1548 4922 pars

162 4943 287 5042 aliqua
305 4939 465 5016 civitatis
484 4965 616 5040 paoem
635 4943 694 5018 vel
714 4945 854 5021 bellum
874 4971 958 5020 cum
989 4944 1174 5044 aliquibus
1194 4945 1282 5022 facit
1299 4972 1368 5046 pro
1387 4971 1451 5040 se,
1481 4971 1545 5021 au·

161 5067 326 5144 ctoribus
354 5063 433 5163 ejus
463 5064 514 5138 rei
540 5065 781 5168 imperatores
811 5071 909 5145 diem
939 5069 1111 5166 dicunto;
1139 5070 1383 5146 condemnato
1419 5081 1545 5147 auteur

161 5214 405 5290 morspuena
424 5200 514 5267 esto.
661 5250 666 5258 .
