3404 5782
160 329 237 405 602
517 350 826 403 commaneamus
846 348 898 395 nu
922 345 1001 399 1351.
1024 347 1102 399 1352.
1127 347 1221 403 1355.

160 568 296 621 venum
316 542 518 642 probaret,
548 568 632 617 eum
652 541 697 615 ad
718 566 823 615 suam
844 542 1043 639 conjugem
1064 540 1358 630 introducere,
1393 565 1541 639 cumque
1554 547 1574 618 is

160 694 241 745 eam
259 692 447 765 generoso
467 667 606 742 semine
627 666 876 766 implevisset,
907 663 1052 763 prolem
1079 665 1171 740 inde
1209 676 1471 766 prognatam
1494 693 1571 743 suan
1608 722 1610 729 ι

159 795 289 869 facere.
334 792 505 868 Vicissim
536 793 693 867 facultas
721 790 879 865 dabatur
906 789 988 863 viro
1016 791 1138 882 bono,
1168 792 1206 864 si
1232 817 1371 891 quam
1394 793 1570 871 fecundam

157 930 267 1018 atque
298 929 440 994 castam
470 917 664 991 mulierem
693 917 755 991 alii
784 917 1020 990 matrimonio
1045 918 1231 1014 junctam
1264 918 1311 992 in
1344 917 1568 998 admiratione
1604 966 1610 1041 3

157 1043 330 1127 haberet,
361 1055 403 1115 ut
432 1064 556 1117 eama
580 1043 660 1116 viro
690 1043 926 1141 impetraret,
957 1065 1270 1141 congressusque
1311 1069 1409 1117 cum
1442 1070 1485 1119 ea
1510 1057 1566 1121 tan·
1604 1058 1609 1087 ¹

159 1194 269 1268 quam
288 1169 326 1241 in
347 1167 424 1242 solo
444 1165 554 1242 fertili
574 1168 696 1242 bonos
715 1165 851 1242 liberos
870 1179 1030 1256 sereret,
1057 1191 1275 1263 germanos
1308 1168 1510 1247 bonorum
1525 1199 1565 1247 oo

153 1304 366 1395 gnatosque
395 1292 548 1368 futuros.
597 1291 761 1366 Primum
802 1293 901 1366 enim
930 1291 1126 1391 Lycurgus
1161 1296 1426 1371 aestimabat
1455 1298 1565 1375 liberos
1603 1286 1608 1371 Ι

155 1444 231 1494 non
252 1444 331 1495 esse
352 1427 552 1518 parentum
572 1417 768 1518 proprios,
797 1417 862 1492 sed
884 1441 1097 1492 communes
1122 1417 1331 1515 civitatis,
1365 1423 1494 1524 itaque
1512 1451 1564 1499 non
1603 1380 1608 1515 i

153 1532 175 1620 'e
195 1545 481 1645 quibuscunque
510 1543 742 1637 homiuibus,
773 1544 837 1619 sed
868 1571 913 1620 ex
943 1545 1092 1644 optimis
1123 1547 1237 1620 nasci
1272 1549 1395 1624 cives
1428 1550 1564 1626 volebat.
1602 1538 1606 1573 ¹

155 1669 300 1746 Deinde
320 1671 358 1744 in
378 1670 535 1749 aliorum
555 1670 601 1747 de
622 1669 691 1746 hae
710 1696 748 1747 re
767 1671 915 1770 legibus
936 1671 1088 1747 videbat
1107 1697 1305 1769 magnam
1329 1677 1564 1754 stoliditatem
1600 1750 1603 1755 .

155 1797 481 1895 arrogantiamque
500 1797 644 1889 inesse,
672 1797 735 1897 qui
766 1823 851 1872 cum
879 1821 990 1872 canes
1020 1809 1057 1872 et
1085 1822 1204 1898 equas
1227 1804 1563 1900 praestantissimis
1599 1814 1603 1845 ³

152 1923 190 1996 id
208 1945 328 2017 genus
358 1920 606 1996 animantibus
634 1921 874 2014 submittant,
908 1947 1031 1997 eorem
1056 1921 1224 1998 dominis
1246 1929 1394 2023 gratia
1415 1941 1481 2003 aut
1499 1957 1562 2029 pre·

152 2047 204 2121 tio
223 2046 259 2119 id
278 2054 319 2121 ut
337 2045 546 2120 concedant
566 2045 765 2144 permotis3
795 2046 969 2122 mulieres
989 2058 1120 2122 contra
1138 2048 1323 2127 inclusas
1348 2054 1391 2128 in
1415 2055 1562 2130 custodia

154 2171 313 2262 habent,
344 2170 548 2268 voluntque
578 2181 618 2244 ut
638 2196 684 2245 ex
704 2169 792 2270 ipsis
822 2183 968 2244 tantum
997 2171 1163 2271 pariant,
1198 2174 1292 2250 sive
1310 2179 1405 2275 jam
1427 2181 1499 2280 ipsi
1516 2181 1561 2254 de-

153 2295 306 2394 sipiant,
336 2295 414 2369 sive
442 2294 622 2395 decrepiti
651 2297 729 2370 sive
753 2296 1114 2383 sintvaletudinarii.
1157 2297 1469 2389 (Plutarch.
1498 2306 1525 2382 L
1533 2335 1560 2407 y-

152 2447 235 2495 cur
244 2448 280 2519 g.
313 2419 395 2512 15.)

260 2548 340 2622 Imo
369 2545 468 2646 apud
499 2547 816 2623 Lacedaemonios
852 2547 1010 2646 patrium
1039 2557 1360 2654 concretumque
1405 2573 1503 2651 erat,
1535 2574 1560 2634 ut

152 2699 264 2746 unam
284 2673 467 2747 haberent
486 2698 641 2747 uxorem
660 2683 734 2746 tres
755 2672 825 2745 viri
847 2673 907 2746 vel
927 2682 1105 2771 quatuor,
1128 2685 1167 2749 et
1184 2676 1334 2776 plures
1358 2684 1559 2785 aliquando.

152 2798 181 2874 si
210 2798 343 2873 fratres
372 2811 515 2891 essent,
544 2798 675 2898 hisque
703 2796 809 2870 liberi
840 2808 964 2872 essent
992 2824 1227 2876 communes.
1273 2806 1457 2910 Insuper
1482 2810 1560 2885 laudi

151 2923 310 2997 dabatur
329 2933 441 3021 atquc
460 2925 498 2996 in
519 2947 621 2998 more
640 2925 803 3023 positum
823 2934 924 3015 erat,
945 2935 985 2998 ut
1003 2924 1033 2997 is
1053 2924 1115 3023 qui
1131 2929 1215 3019 jam
1238 2931 1347 3008 satis
1369 2934 1557 3013 liberorum

149 3049 385 3148 suscepisset,
406 3072 561 3122 uxorem
581 3047 690 3121 alicui
710 3049 829 3121 amico
850 3048 1009 3122 cederet.
1031 3046 1218 3148 (Polyb
1232 3054 1246 3127 i
1259 3081 1320 3131 us
1345 3059 1444 3158 XII,
1466 3065 1499 3156 6,
1517 3065 1557 3154 b).

257 3187 368 3289 Apud
388 3189 578 3264 Romanos
599 3215 719 3289 neque
740 3189 872 3265 eadem
891 3191 1035 3267 duobus
1055 3202 1178 3290 nupta
1198 3220 1294 3274 esse
1332 3208 1487 3303 potuit,
1512 3232 1557 3280 ne.

151 3342 222 3415 que
242 3316 341 3392 idem
361 3317 452 3392 duas
472 3340 605 3393 uxores
626 3315 774 3392 habere.
805 3314 862 3407 (G
873 3344 896 3392 a
900 3317 940 3415 ji
961 3317 1086 3393 Insti
1100 3327 1122 3390 t.
1144 3319 1175 3412 1,
1199 3321 1297 3416 63.)

731 3525 807 3607 Ad
824 3526 967 3607 1³52.

255 3693 492 3771 Andocid.
518 3717 547 3766 c.
570 3689 723 3766 Alcib.
754 3686 786 3789 ξ
809 3690 881 3765 33:
910 3690 1176 3768 Recordamini
1199 3705 1416 3802 majorum
1439 3729 1556 3789 vestro.

148 3847 248 3912 rum,
279 3819 341 3917 qui
366 3816 581 3905 Cimonem,
612 3816 711 3914 quod
742 3827 872 3890 contra
896 3815 1017 3914 legem
1045 3842 1291 3901 sororem
1327 3833 1382 3907 in
1417 3842 1559 3914 matri·

148 3945 310 4021 monio
338 3940 564 4033 haberet,
594 3944 686 4017 urbe
702 3944 893 4041 jusserunt
912 3943 1104 4039 emigrare.

253 4065 503 4163 Intelligenda
521 4066 580 4142 hic
600 4078 656 4142 est
674 4093 779 4144 soror
802 4067 957 4143 uterina.

254 4192 366 4293 Apud
377 4194 565 4269 Romanos
584 4197 682 4270 inter
700 4194 855 4270 fiatrem
875 4205 912 4267 et
931 4218 1095 4269 sororem
1115 4199 1358 4296 prohibitae
1383 4231 1495 4294 eraut
1512 4245 1560 4293 nu-

147 4319 265 4420 ptiae,
296 4321 374 4394 sive
395 4319 524 4394 eodem
543 4330 649 4421 patre
679 4320 885 4418 eademque
915 4329 1032 4393 matre
1053 4321 1130 4395 nati
1153 4296 1323 4428 essent,
1362 4308 1559 4420 sivealtef.

147 4455 228 4521 utro
250 4470 384 4520 eorum.
415 4443 548 4544 (Gaji
574 4446 892 4539 inmittet.)

724 4654 964 4738 across.
1609 4740 1610 4783 Ν

252 4823 447 4900 Sozomeni
467 4823 591 4897 histor.
614 4821 739 4897 eccles.
761 4824 788 4912 I,
811 4823 854 4896 8:
889 4818 1003 4918 [1an
1030 4824 1244 4919 Φοίνιξιν,
1274 4839 1328 4911 οἳ
1346 4840 1426 4917 τὸν
1447 4848 1556 4942 Λίβα.

146 4974 218 5019 νον
237 4949 305 5018 καὶ
325 4942 396 5037 τήν
419 4937 562 5018 Ἡλίου
584 4942 694 5018 πόλιν
716 4943 921 5034 οἰκοῦσιν,
953 4942 1083 5020 οὐκέτι
1115 4954 1235 5045 θέμις
1272 4953 1329 5059 ἦν
1351 4967 1556 5070 ἐκποριού-

146 5077 259 5145 sortus
281 5068 348 5156 τοὶς
368 5077 604 5171 παρθένους,
636 5076 724 5169 πρὶν
752 5079 832 5154 τοῖς
862 5065 1021 5170 ἀνδράσι
1044 5078 1295 5175 συνελθεῖν,
1332 5088 1396 5180 οἷς
1417 5101 1555 5195 νομίμῳ
