3436 5790
228 369 307 445 200
772 390 833 439 rus
853 388 1062 441 utramcuu.

227 586 259 664 si
277 586 325 660 sit
343 581 560 676 damnatus,
589 580 629 656 in
658 575 783 658 Attica
810 605 858 657 ue
886 578 1106 681 sepeliatur,
1136 580 1239 679 bona
1267 606 1358 658 vero
1388 580 1505 684 ipsius
1529 583 1624 660 fisco

229 709 461 788 addicantur.

871 812 985 895 1149..

340 934 440 1026 Τούς
468 933 900 1036 ἀνδραποδιστὰς,
929 924 1008 1010 τῶν
1036 937 1202 1011 οίκιτῶν
1226 932 1332 1023 τινας
1352 933 1620 1036 ἀποστεροῦν-

229 1095 316 1155 τας,
349 1061 512 1164 θανάτῳ
532 1061 705 1162 ζημιοῦν.
865 1169 968 1244 1149
1212 1058 1514 1165 (Harpocratid.)

336 1301 542 1377 Hominum
569 1301 689 1394 fures,
728 1298 791 1400 qui
821 1320 951 1376 servos
979 1296 1164 1398 aliquibus
1192 1298 1377 1401 eripiunt,
1405 1305 1524 1375 morte
1553 1324 1624 1400 pu-

229 1429 389 1504 niantur.

872 1530 986 1607 1150.

337 1661 388 1730 Εί
406 1658 484 1802 μέν
511 1685 566 1742 τις
589 1662 683 1754 μεθ’
712 1638 853 1752 ἧμίραν
879 1642 974 1757 ὑπὲρ
994 1652 1237 1746 πεντήκοντα
1257 1642 1430 1801 δραχγιυίς
1449 1662 1624 1745 κλέπτοι,

230 1778 444 1887 ἀπαγωγὴν
462 1777 554 1880 πρὸς
573 1777 718 1867 rodeli
685 1776 864 1856 ἕνδεκ’
828 1809 926 1855 ειναι
937 1835 948 1870 ,
978 1811 1012 1855 ει
1007 1774 1079 1856 ’δέ
1096 1811 1151 1869 τις
1170 1776 1325 1882 νύκτωρ
1344 1770 1482 1859 δτιοῠν
1501 1788 1625 1897 κλέετ-

230 1940 309 1998 τοι,
338 1908 484 1983 τοῦτον
513 1915 652 1999 ἐξεῖναι
681 1912 751 1982 καί
779 1903 1009 1983 ἀποκτεῖναι
1043 1912 1114 1981 καί
1151 1907 1291 2005 τρῶσαι
1328 1905 1521 1984 διώκοντα
1551 1914 1625 1982 καί

231 2012 447 2137 ἀπαγαγεῖν
465 2042 545 2119 τοῖς
564 2025 702 2121 ἕνδεκ’,
730 2063 764 2107 ει
758 2022 1000 2132 ’βούλοιτο
1029 2063 1084 2106 τω
1069 2031 1148 2105 6'
1168 2021 1357 2108 ἁλόντι
1325 2062 1382 2109 ων
1401 2036 1441 2108 αἱ
1460 2029 1627 2139 ἀπαγω-

231 2164 298 2265 γαί
319 2163 428 2248 εἰσιν,
460 2155 538 2233 οὐκ
558 2154 742 2262 ἐγγυητὰς
760 2155 1044 2249 καταστήσαντι
1064 2160 1213 2234 ἔκτισιν
1230 2156 1330 2235 εἶναι
1347 2159 1426 2236 τῶν
1443 2160 1626 2261 κλεμμά-

231 2313 329 2375 των,
359 2281 459 2359 ἀλλά
493 2281 675 2359 θάνατον
701 2280 773 2374 τὴν
803 2286 952 2381 ζημίαν.
991 2283 1133 2360 Καίιῖ
1147 2287 1204 2371 τίς
1222 2291 1258 2389 γ’
1277 2291 1324 2361 ἐκ
1343 2290 1520 2362 Λυκείου
1541 2281 1566 2378 6
1583 2294 1626 2379 ἐξ

226 2408 467 2508 Ἀκαδημίας
488 2405 510 2501 6
528 2417 574 2486 ε’κ
595 2408 871 2514 Κυνοσάργους
890 2404 1086 2508 ίμιίτιονιῖ
1095 2408 1292 2502 ληκύθιον
1311 2406 1334 2503 6
1353 2405 1450 2487 rillio
1469 2443 1505 2488 τι
1516 2442 1627 2508 φαυ-

231 2534 394 2612 λδτατον
415 2531 533 2626 ἢτῶν
561 2535 713 2611 σκευῶν
739 2560 776 2608 τι
804 2533 884 2610 τῶν
911 2542 958 2610 ἐκ
985 2518 1064 2610 των
1081 2539 1308 2639 γυμνασίων
1326 2529 1513 2631 ὑφέλοιτο
1533 2534 1557 2630 6
1577 2546 1628 2616 ἐκ

231 2660 311 2737 τῶν
338 2667 523 2761 λιμένων,
563 2654 658 2758 ὑπὲρ
688 2659 781 2735 δέκα
811 2656 1005 2758 δραχμὰς,
1036 2667 1104 2734 καί
1133 2660 1286 2750 τούτοις
1314 2661 1494 2738 θάνατον
1522 2662 1626 2740 εἶναι

232 2785 303 2877 τὴν
323 2792 472 2886 ζημίαν.
508 2790 608 2882 (Lex
628 2788 778 2865 Solonis
799 2789 900 2890 apud
919 2788 1112 2867 Demosth.
1133 2791 1172 2866 in
1190 2791 1515 2886 Timocrat.736.)

874 2949 988 3025 1150.

341 3073 381 3150 Si
401 3074 484 3175 quis
503 3072 665 3149 interdiu
685 3101 798 3174 supra
816 3075 1088 3175 quinquaginta
1106 3073 1300 3152 drachmas
1320 3078 1463 3156 furatus
1486 3081 1627 3177 fuerit,

234 3200 367 3278 abduci
396 3199 505 3275 liceat
533 3198 580 3274 ad
609 3198 906 3294 undecimviros,
936 3201 966 3275 si
996 3201 1078 3300 quis
1108 3227 1199 3278 vcro
1229 3212 1343 3278 noctu
1372 3204 1626 3306 quodcunque

234 3326 387 3402 tandem
406 3325 644 3424 surripuerit,
674 3350 759 3399 eum
787 3336 825 3400 ct
852 3323 1021 3401 occidere
1050 3335 1088 3401 ct
1106 3326 1203 3401 inter
1224 3330 1526 3429 persequendum
1543 3331 1628 3437 vul-

234 3477 366 3529 narare
395 3463 432 3526 et
461 3450 508 3526 ad
528 3450 822 3546 undecimviros,
852 3452 882 3526 si
902 3451 1025 3543 lubet,
1055 3449 1253 3528 abducere.
1291 3453 1476 3530 Conuicto
1499 3466 1629 3532 autem

235 3604 364 3656 eorum
382 3577 610 3671 facinorum,
636 3587 791 3678 propter
819 3583 914 3677 quale
943 3575 1169 3670 abducatur,
1199 3603 1246 3653 ne
1265 3577 1376 3654 liceat
1395 3580 1491 3656 datis
1511 3608 1627 3683 spon-

233 3703 382 3782 scribas
401 3702 615 3779 satisfacere
634 3726 704 3802 pro
724 3701 853 3796 furtis,
883 3701 949 3776 sed
978 3722 1077 3776 mors
1106 3710 1187 3777 esto
1203 3727 1337 3802 poena
1373 3698 1430 3780 Ac
1449 3703 1481 3780 si
1501 3708 1586 3808 quis
1607 3734 1629 3785 e

236 3831 362 3931 Lyceo
390 3838 456 3904 aut
482 3854 529 3905 ex
558 3824 761 3905 Academia
788 3840 853 3903 aut
872 3827 1093 3928 Cynosarge
1120 3837 1266 3905 vestem
1292 3824 1355 3906 vel
1382 3828 1629 3929 lagunculam

234 3954 296 4031 vel
314 3928 519 4055 quidquam
537 3950 639 4029 aliud
665 3952 809 4028 minimi
836 3946 947 4054 pretii
966 3955 1028 4030 vel
1047 3954 1197 4057 aliquod
1217 3956 1408 4031 vasculum
1427 3982 1448 4031 e
1467 3984 1628 4058 gymna-

237 4080 302 4157 siis
319 4090 424 4158 aute
442 4079 627 4184 portubus
646 4080 867 4182 surripuerit.
878 4086 1021 4182 ,supra
1040 4081 1167 4158 decem
1187 4079 1403 4174 drachmas,
1433 4084 1549 4162 etiam
1567 4085 1629 4162 his

236 4216 357 4305 morte
373 4232 522 4310 puenoe
539 4215 650 4285 sunto
667 4205 838 4285 luendae.

873 4332 986 4410 1151.

339 4450 438 4533 Ἐάν
454 4486 510 4544 τις
527 4463 574 4534 ίκ
591 4459 805 4557 βαλανείου
831 4451 1010 4557 κλέψας’
985 4488 1007 4548 η
1037 4462 1083 4533 ἐκ
1113 4452 1398 4556 salutamus*
1376 4463 1459 4549 ηίξ
1481 4454 1629 4605 ἀγορᾶς

238 4574 361 4677 ἣςῷν
376 4580 567 4677 τοιούτων
583 4579 709 4675 τινὸς,
741 4579 903 4682 θανάτῳ
922 4582 1135 4682 ζημιουται.

257 4744 410 4821 r,
588 4812 592 4821 Ι
643 4707 939 4819 (Aristotel
958 4711 1141 4812 problem.
1160 4721 1250 4789 sect
1270 4712 1414 4808 XXIX,
1436 4713 1584 4806 14.)
1630 4780 1636 4789 ,

365 4862 447 4947 1δῖ
470 4860 505 4947 ίῗ
542 4876 600 4935 ’·--
871 4870 989 4950 1151.

515 5022 526 5032 ·
545 4996 683 5077 balneo
701 4999 846 5077 fiuatus
865 5011 941 5096 eat.
958 5012 1025 5077 aut
1044 5025 1064 5075 e
1083 5002 1288 5102 palaestra,
1314 5011 1379 5077 aut
1398 5026 1418 5077 e
1438 5002 1545 5095 foro,
1564 5014 1628 5079 aut

707 5134 898 5223 ammom
915 5125 1128 5213 mlllfflrlffl'·
1205 5172 1208 5177 ’
