3436 5790
163 355 239 436 ato
708 376 770 432 rus
789 373 1009 435 rarvaron.

161 570 231 649 εὀίν
249 579 294 648 ἐκ
314 570 391 645 τῶν
411 566 542 645 αὐτῶν
560 561 651 658 οίσι,
691 573 758 642 καί
787 565 858 644 ἐὰν
884 574 984 672 γένει
1011 565 1206 672 ἀπωτέρω·
1236 566 1307 646 ἐόν
1335 569 1374 647 δὲ’
1398 565 1454 668 μὴ
1485 557 1561 645 αἷσι

162 695 254 796 πρὸς
274 692 415 795 πατρός
429 701 562 794 μέχρις
585 691 759 796 ἀνεψιῶν
779 692 952 785 παίδων,
981 693 1073 784 τούς
1103 692 1195 799 πρός
1213 692 1356 795 μητρός
1385 695 1458 772 τοῦ
1478 691 1557 770 σίν-

162 819 250 921 δρὸς
269 817 370 895 κατοί
391 817 513 895 ταύτὰ
533 823 696 918 κυρίους
715 818 835 895 εἶναι·
863 818 933 896 ε’·οίν
953 819 990 895 δὲ
1007 821 1270 921 μηδετέρωθεν
1288 813 1315 920 ᾖ
1333 817 1441 909 ἐντός
1460 819 1562 897 τού-

163 976 262 1035 των,
291 944 363 1022 τόν
381 944 521 1043 πατρὸς
540 944 734 1051 ἐγγυτάτω
754 945 897 1042 κόριον
915 945 1023 1026 εἶναι.

789 1058 1005 1152 (Demosth.
1031 1060 1114 1136 adv.
1134 1060 1289 1137 Macart.
1312 1058 1448 1151 1067.)

805 1219 919 1295 1387.

270 1328 447 1429 Quisquis
475 1329 673 1403 intestatus
700 1326 875 1419 moritur,
906 1328 937 1402 si
962 1329 1102 1405 liberos
1125 1329 1317 1405 muliebris
1336 1353 1448 1405 sexus
1468 1328 1554 1405 reli·

162 1455 303 1555 querit,
334 1480 418 1529 cum
439 1453 561 1548 hisce;
590 1452 648 1526 sin
667 1453 808 1545 minus,
837 1452 875 1527 hi
902 1453 971 1529 soli
1001 1454 1185 1529 bonorum
1203 1453 1344 1529 domini
1363 1464 1496 1530 sunto:
1525 1455 1557 1531 si

161 1582 295 1656 fratres
324 1578 473 1680 quidem
503 1579 641 1652 fuerint
667 1578 859 1675 germani,
890 1588 928 1653 et
951 1579 982 1652 si
1001 1579 1108 1654 liberi
1128 1603 1147 1653 e
1170 1579 1348 1655 fratribus
1375 1578 1555 1677 legitimi,

92 1798 97 1813 Ι
162 1707 279 1807 patris
299 1706 356 1779 sui
376 1714 520 1805 partem
540 1702 754 1777 sortiuntur.
793 1701 861 1778 Sin
891 1701 1026 1778 fratres
1054 1729 1131 1779 non
1160 1702 1299 1778 fuerint
1317 1715 1381 1780 aut
1400 1705 1557 1780 fratrum

162 1830 291 1920 liberi,
320 1830 454 1904 horum
484 1826 625 1930 posteri
653 1827 690 1901 in
721 1826 852 1903 eadem
872 1827 1016 1902 ratione
1036 1829 1249 1905 sortiuntor.
1287 1828 1557 1907 Praeferuntor

162 1968 285 2031 autem
313 1980 433 2030 mares
463 1966 500 2029 et
518 1980 541 2030 a
559 1952 723 2028 maribus
753 1953 972 2054 propagati,
1002 1955 1033 2028 si
1062 1980 1108 2030 ex
1135 1953 1269 2030 iisdem
1297 1981 1383 2030 oum
1409 1966 1556 2031 mortuo

162 2083 318 2176 fuerint,
350 2082 418 2157 etsi
437 2106 576 2178 genere
603 2077 830 2154 remotiores.
869 2077 935 2153 Sin
964 2104 1040 2154 non
1069 2080 1208 2156 fuerint
1236 2081 1388 2178 cognati
1407 2107 1432 2155 a
1449 2091 1556 2182 patre

162 2208 298 2282 mortui
318 2233 433 2307 usque
453 2207 501 2281 ad
525 2205 683 2281 fratrum
702 2205 926 2306 patruelium
944 2204 1103 2297 liberos,
1132 2205 1177 2298 ii,
1209 2206 1271 2304 qui
1290 2191 1417 2283 sunta
1436 2218 1556 2283 matre

160 2333 230 2406 viri
249 2334 406 2426 mortui,
435 2332 515 2433 pari
536 2331 680 2406 ratione
701 2329 841 2404 domini
861 2341 982 2405 sunto.
1022 2328 1088 2404 Sin
1118 2356 1137 2404 e
1167 2342 1300 2406 neutra
1326 2343 1433 2432 parte
1459 2333 1557 2407 intra

160 2459 228 2535 hos
249 2459 406 2554 fuerint,
437 2484 459 2533 a
479 2469 585 2557 patre
606 2456 798 2557 proximus
819 2454 998 2532 obtineto.

808 2619 921 2694 1388.

271 2727 323 2800 Εί
336 2756 392 2812 τις
413 2729 605 2827 θυγατέρα
625 2752 730 2811 τινος
754 2726 831 2818 ἔχει
862 2721 995 2824 λαβών
1023 2718 1189 2812 ἀδίκως,
1213 2720 1377 2821 μηδενός
1405 2720 1554 2820 δόντος,

163 2846 242 2929 αι’ίκ
261 2855 359 2927 εἰσιν
378 2852 412 2923 οἱ
434 2847 562 2935 παῖδες
580 2846 830 2947 κληρονόμοι.

841 2959 1053 3052 (Denrosth.
1072 2985 1142 3061 pro
1162 2959 1312 3037 Phorm.
1333 2962 1448 3056 954.)

809 3104 920 3182 1388.

271 3210 311 3287 Si
331 3210 412 3311 quis
431 3209 694 3311 perinjurium
722 3206 870 3312 raptam
898 3211 1069 3288 habuerit
1087 3211 1242 3314 alicujus
1262 3213 1396 3307 tiliam,
1427 3210 1553 3287 datam

164 3367 186 3416 a
204 3338 372 3428 nemine,
401 3336 527 3437 proles
548 3359 625 3412 non
645 3344 756 3412 sunto
777 3337 946 3414 heredes.

801 3500 915 3576 1389.

265 3617 363 3700 Ἐιίν
383 3616 549 3718 ἀδελφός
570 3613 776 3721 ὁμοπάτωρ
797 3615 913 3710 δίπαις
933 3620 1131 3719 τελευτήσῃ
1152 3626 1220 3697 καί
1234 3620 1289 3722 μή
1312 3620 1550 3721 διαθέμενος,

164 3747 232 3840 την
251 3779 289 3823 τε
305 3742 478 3841 ἀδελφήν
498 3737 654 3846 όμοίως,
675 3742 756 3822 κᾶν
776 3754 815 3838 ἐξ
835 3753 959 3846 ἑτέρας
978 3743 1212 3844 ἀδελφιδοῦς
1226 3739 1251 3845 ᾖ
1265 3743 1447 3853 γεγονώς,
1467 3751 1552 3823 ι’σο-

159 3881 323 3973 μοίρους
342 3871 418 3946 τῶν
431 3869 641 3970 χρημάτων
660 3870 768 3950 εἶναι.

782 3987 929 4077 (Isaeus
949 3984 995 4059 de
1016 3983 1188 4085 Apollod.
1208 3985 1285 4061 her.
1305 3979 1339 4085 ξ.
1363 3985 1446 4077 19.)

804 4145 919 4220 1389.

271 4254 421 4355 Siquis
451 4254 565 4330 frater
594 4254 751 4330 duarum
781 4280 951 4330 sororum
980 4280 1026 4330 ex
1055 4252 1186 4329 iisdem
1204 4252 1425 4354 parentibus
1442 4265 1552 4331 natus

164 4379 241 4455 sine
262 4381 367 4482 prole
387 4378 588 4455 decesserit
609 4379 787 4478 nulloque
807 4379 947 4481 scripto
968 4390 1202 4472 testamento,
1222 4389 1300 4452 tum
1319 4381 1449 4480 aequis
1468 4407 1551 4481 par·

164 4507 262 4580 tibus
281 4505 547 4580 haereditatem
567 4506 648 4605 ejus
669 4529 821 4581 cenrere
851 4529 1089 4602 sororemque
1109 4502 1264 4579 alteram
1283 4504 1404 4581 adhuc
1423 4532 1551 4607 super·

164 4634 286 4706 stitem
306 4631 530 4730 alteriusque
551 4630 628 4704 vita
646 4628 849 4707 defunctae
871 4630 998 4705 filium.

805 4797 918 4873 1390.

274 4907 363 4988 Τοῖς
381 4907 427 4977 ἐκ
444 4900 510 4990 τῆς
528 4903 684 5004 γνησίας
705 4902 899 5007 θυγατρὸς
918 4904 1023 4976 παισί
1042 4897 1246 5005 γεγονόσιν
1266 4889 1451 4977 ἁπάντων
1475 4895 1553 4980 τόν

164 5026 362 5125 παππῴαν
380 5030 620 5125 κληρονομία
640 5026 834 5124 προσήκει.

829 5140 976 5232 (isaeus
994 5138 1039 5216 de
1059 5139 1191 5240 Pyrrh.
1211 5138 1289 5216 her.
1307 5136 1341 5241 ξ.
1364 5140 1447 5234 50.)
