3436 5790
744 437 795 488 ou
813 438 965 491 onuuo.
1471 412 1548 490 399

272 782 347 853 Καὶ
376 779 516 873 ἐκείνῳ
547 769 661 862 δίκην
687 765 833 868 βλάβης
861 776 1017 868 λαχεῖν,
1057 762 1099 858 ὃς
1127 767 1179 846 σ’ἶν
1208 768 1548 872 ψευδομαρτυριῶν

164 894 359 980 ὑπόδικόν
377 932 465 981 τινα
484 896 618 994 ποιήσῃ
637 894 738 972 κατά
758 926 862 987 τινος
882 894 929 975 οὐ
953 897 1160 998 προσῆκον.

738 1027 950 1118 (Demosth.
971 1027 1054 1103 adv.
1075 1023 1440 1127 Aphob.111,849.)

798 1187 911 1263 1556.

272 1336 379 1414 Aetio
398 1335 524 1412 damni
544 1333 656 1410 etiam
674 1341 804 1409 eontra
823 1357 909 1408 eum
936 1330 1168 1428 instituatur,
1200 1333 1263 1434 qui
1283 1335 1321 1409 in
1340 1359 1451 1408 eausa
1470 1332 1545 1409 fue·

164 1465 229 1561 rit,
259 1475 299 1539 ut
318 1464 450 1563 aliquis
470 1461 566 1538 falso
585 1458 674 1536 dicti
692 1457 730 1533 in
750 1457 912 1556 aliquem
931 1457 1134 1534 testimonii
1154 1485 1238 1534 reus
1258 1461 1332 1535 fiat.

802 1617 915 1693 1557.

274 1757 433 1839 Τούτων
460 1756 559 1834 εἶναι
587 1756 700 1845 δίκας
729 1753 973 1856 προσήκει
997 1757 1326 1856 μεταλλικάς.
1370 1758 1466 1837 Ἐάν
1494 1794 1547 1850 τις

165 1889 309 1983 ἐξείλλῃ
338 1882 425 1962 τινὰ
454 1885 518 1976 τῆς
546 1887 745 1990 ἐργασίας,
775 1874 971 1960 ὑπόδικον
999 1890 1205 1964 ποιεῖσθαι.
1255 1881 1343 1961 Κᾶν
1369 1881 1465 1963 ἄλλο
1496 1919 1548 1975 τις

165 2009 283 2108 ἀδικῇ
300 2042 336 2086 τι
357 2018 438 2110 περὶ
458 2009 504 2086 τοὶ
520 2015 711 2109 μέταλλα,
740 2014 810 2086 καὶ
839 2008 992 2087 τούτων
1019 2012 1092 2086 εἰσί
1118 2009 1247 2087 δίκαι·
1276 2006 1329 2088 dv
1347 2015 1449 2110 ταφῇ
1469 2045 1546 2104 τις,

165 2132 215 2212 ἂν
234 2134 333 2212 ὅπλα
353 2141 532 2235 ἐπιφέρῃ,
563 2131 614 2212 dv
633 2140 914 2235 ἐπικατατέμνῃ
932 2133 1011 2244 τῶν
1025 2142 1176 2233 μέτρων
1194 2134 1310 2224 ἐντός.

619 2265 832 2360 (Demosth.
852 2262 936 2340 adv.
956 2265 1175 2341 Pantaenet.
1197 2265 1439 2360 976-977.)

801 2428 916 2505 1557.

270 2572 833 2651 Hisinrebusmetallioae
861 2570 1368 2648 actionesdandaesunt.
1406 2572 1546 2673 Siquis

165 2699 326 2798 aliquem
345 2699 492 2800 repellit
511 2723 558 2774 ex
577 2697 745 2792 offioina,
775 2698 806 2771 is
834 2699 899 2772 fiat
922 2695 1117 2772 obnoxius.
1156 2695 1194 2771 si
1215 2698 1297 2795 quis
1316 2700 1425 2775 etiam
1445 2700 1545 2776 aliud

165 2822 250 2922 qnid
278 2823 316 2898 in
344 2823 503 2900 metallis
532 2823 709 2899 damnum
737 2820 900 2916 dederit,
931 2846 1057 2898 earum
1086 2846 1232 2922 quoque
1263 2848 1382 2899 rerum
1412 2824 1547 2900 dantur

165 2948 348 3024 actiones:
376 2949 407 3024 si
435 2949 518 3048 quis
546 2946 800 3042 strooenderit,
830 2947 860 3021 si
889 2973 992 3022 arma
1019 2946 1205 3041 intulerit,
1235 2947 1265 3022 si
1294 2949 1387 3025 eitra
1412 2949 1545 3026 limites

164 3074 329 3150 secuerit.

801 3182 914 3258 1558.

272 3316 381 3397 Κύνα
402 3317 574 3396 δακόντα
594 3318 834 3420 παραδοῦναι
855 3317 979 3422 κλοιῷ
998 3318 1170 3420 τριπήχει
1190 3320 1401 3424 δεδεμένον.

554 3448 723 3542 (Solonis
742 3450 801 3526 lex
821 3449 921 3553 apud
941 3450 1128 3526 Plutarch.
1148 3451 1186 3525 in
1207 3451 1333 3529 Solon.
1355 3456 1438 3546 24.)

801 3614 915 3688 1558.

268 3755 402 3854 Canis,
431 3759 493 3858 qui
512 3757 773 3856 momorderit,
803 3757 970 3835 tradatur
998 3758 1152 3860 alligata
1180 3761 1212 3837 ei
1241 3761 1402 3837 numella
1432 3763 1543 3838 trium

163 3882 380 3961 cubitorum.

801 3994 912 4070 1559.

267 4131 320 4205 Εἴ
334 4163 388 4218 τις
407 4129 515 4220 ἐντὸς
534 4133 609 4209 τοῦ
630 4132 880 4238 Πελασγικοῦ
900 4137 1019 4234 κείρει
1040 4129 1064 4229 ἢ
1082 4132 1183 4210 κατὰ
1205 4140 1320 4212 πλέον
1340 4133 1541 4235 ἐξορύττει,

161 4253 204 4331 τὸ
224 4262 365 4357 τίμημα
385 4269 481 4358 τρεῖς
502 4258 689 4359 δραχμαὶ,
718 4265 787 4335 καὶ
808 4252 963 4335 ἆπλοῦν
981 4257 1025 4336 τὸ
1045 4258 1203 4360 βλάβος.

1027 4388 1183 4483 (Pollux
1201 4390 1305 4488 vm,
1329 4388 1434 4482 τοι)

799 4497 912 4574 1559.

189 4740 192 4747 .
265 4636 304 4714 Si
324 4639 406 4738 quis
426 4639 522 4716 inter
541 4640 775 4741 Pelmgicum
795 4649 952 4717 meteret
971 4651 1034 4717 aut
1055 4639 1208 4718 ulterius
1233 4642 1392 4738 foderet,
1422 4647 1542 4721 solvat

160 4773 234 4839 tres
254 4766 467 4860 drachmae,
497 4777 534 4840 et
553 4766 711 4867 simplex
732 4766 919 4843 damnum.

742 5024 954 5039 w
