3404 5782
692 374 753 424 ssis
772 372 980 426 Poetneum.

791 561 880 638 773.

255 707 351 783 Cum
370 688 595 799 solomitis,
626 729 799 818 suprema
817 717 1019 808 tempestas
1039 720 1129 784 esto.

795 885 885 965 774.

244 1023 447 1127 Ἔκλειφις
475 1024 710 1131 ἐγκλήματος
739 1017 876 1125 ὄνομα.
908 1021 1035 1102 Ὅταν
1063 1029 1282 1131 ἐγκαλεῖταί
1310 1054 1386 1112 τις,
1416 1028 1531 1127 ἐγγι-

149 1157 361 1256 γραμμίνος
381 1155 433 1239 εἰς
450 1148 495 1226 τὸ
514 1148 765 1251 ληξιαρχικὸν
783 1161 1066 1256 γραμματεῖον,
1087 1145 1138 1240 ὦς
1150 1149 1206 1251 μή
1227 1144 1284 1226 cii-u
1302 1145 1436 1236 οἷστός,
1458 1152 1530 1221 καί

145 1275 199 1376 μή
220 1275 372 1376 &nemci
391 1284 433 1353 ἐν
452 1287 532 1366 ταῖς
552 1274 796 1378 διαψηφίσεσι
815 1275 894 1376 σῶν
914 1274 1041 1386 ιλήιηων
1058 1273 1151 1376 πρὸς
1169 1275 1239 1370 τήν
1257 1279 1409 1375 κρίσιν,
1440 1268 1529 1347 ἀλλ’

149 1407 304 1499 ἐκλείπῃ
323 1400 394 1493 τήν
412 1407 494 1501 περί
513 1393 640 1477 αὑτοῦ
659 1398 877 1505 διάγνωσιν.
933 1405 1079 1497 (Lexic.
1095 1403 1246 1504 Seguer.
1260 1431 1295 1505 p.
1310 1403 1418 1496 259.)

795 1568 884 1645 774.

256 1710 428 1789 Desertio
456 1721 512 1789 est
540 1711 696 1791 actionis
724 1734 872 1799 nomen.
910 1709 1035 1803 Quum
1061 1711 1375 1811 quaestuosus,
1405 1708 1531 1808 quiin

150 1833 274 1911 album
293 1836 430 1913 civium
447 1837 750 1937 inscriptusest,
781 1834 880 1935 quod
898 1860 973 1910 non
992 1835 1040 1911 sit
1058 1836 1169 1929 civis,
1197 1859 1317 1935 neque
1336 1844 1532 1935 comparet

149 1961 188 2034 in
206 1960 505 2059 inquisitionibus
524 1986 707 2062 pagorum
723 1958 772 2036 ad
783 1959 981 2059 judicium,
1003 1959 1067 2035 sed
1085 1959 1312 2059 subterfugit
1329 1958 1529 2033 instituen-

150 2083 237 2193 dunr
256 2084 300 2159 de
321 2111 360 2161 se
374 2086 566 2186 judicium.

794 2189 882 2267 775.

260 2330 333 2421 Τῆς
362 2329 468 2426 δίκης
495 2340 595 2410 ἕνεκ’
615 2328 789 2436 Ιοἰσιόντος
816 2361 921 2420 τινος
948 2337 1017 2407 καί
1038 2327 1085 2406 οὐ
1107 2328 1290 2431 δημοσίᾳ,
1321 2324 1527 2434 διαγράφει

150 2448 171 2532 ὁ
193 2448 329 2554 α’ἱργωνΙ
342 2454 414 2551 τήν
431 2458 503 2534 τοῦ
523 2452 690 2546 ἀπόντος
709 2454 1002 2557 ἀμφισβήτησιν.
1363 2446 1366 2450 ⁸

716 2587 930 2683 (Demosth.
950 2589 987 2664 iu
1007 2583 1260 2691 Olympiodor.
1284 2583 1419 2674 1174.)

793 2750 882 2824 775.

255 2889 327 2981 Qui
350 2889 480 2990 judicii
508 2915 621 2967 causa
639 2891 764 2983 abest,
794 2917 868 2968 non
888 2890 1037 2991 publico
1058 2864 1231 2985 nourine,
1260 2890 1339 2989 ejus
1359 2885 1527 2987 postula-

150 3017 290 3090 tionem
306 3014 545 3113 magistratus
565 3017 781 3116 expungito.

794 3178 882 3254 776.

252 3311 496 3409 Ἀντιλοχεῖν
514 3311 553 3390 δὲ
583 3312 696 3407 δίκην
724 3316 889 3406 ἔξεστιν,
918 3308 1034 3392 ὁπότε
1052 3344 1107 3400 τις
1121 3311 1175 3410 μή
1197 3310 1326 3410 παρών
1346 3320 1388 3387 ἐν
1408 3309 1524 3387 δικα-

151 3443 287 3540 στηρίῳ
315 3447 626 3537 κατακηρυχθείς
653 3447 721 3515 καί
746 3440 798 3539 μή
818 3435 1035 3518 ὑπακούων
1054 3440 1193 3537 ἐρήμην
1212 3432 1336 3534 ὄφλῃ·
1366 3434 1525 3514 ἀντιλα-

75 3609 81 3642 ι
144 3577 236 3660 χεῖν
264 3564 302 3640 δὲ
331 3563 437 3652 ἐντὸς
465 3563 537 3641 δύο
560 3567 697 3664 μηνοῖν
723 3560 909 3667 ὑπάρχει·
938 3571 975 3642 εί
1002 3565 1039 3641 δὲ
1066 3562 1117 3663 μή
1148 3561 1192 3638 τὸ
1212 3571 1525 3669 ἐγγεγραμμένον

151 3689 376 3785 ὀφλισκάνει
396 3697 465 3766 καί
486 3684 620 3788 ἄτιμός
637 3697 725 3770 ἐστι,
1038 3693 1193 3786 (Pollux
1211 3692 1315 3787 VIII,
1338 3694 1421 3785 61.)

790 3803 878 3879 776.
1146 3801 1149 3804 ’

257 3943 436 4023 Resortiri
456 3943 607 4046 judium
639 3944 768 4040 liceat,
797 3947 827 4019 si
856 3945 936 4045 quis
964 3947 1003 4020 in
1026 3943 1106 4019 foro
1127 3969 1150 4018 a
1169 3967 1353 4044 praecone
1373 3953 1524 4018 uocatus

149 4092 225 4142 non
244 4093 462 4170 comparens
481 4082 516 4147 et
535 4093 611 4146 non
631 4068 811 4146 obediens
831 4072 1083 4148 contumaciae
1102 4069 1295 4145 damnatus
1311 4069 1433 4144 fuerit
1454 4068 1523 4144 Re·

148 4192 270 4269 sortiri
300 4204 423 4276 autem
451 4195 548 4270 iutra
575 4194 667 4272 duos
695 4222 842 4275 menses
870 4199 926 4276 fas
951 4209 1048 4290 est0‚
1078 4197 1134 4272 sin
1154 4192 1331 4271 mulctam
1349 4193 1523 4294 scriptam

151 4315 263 4395 debet
282 4329 319 4393 et
337 4318 417 4420 ipse
437 4319 584 4398 infamis
606 4333 670 4397 est.

795 4428 884 4506 777.

249 4558 309 4640 ‘II
325 4563 380 4665 μή
411 4557 509 4643 οὖσα
538 4566 626 4662 δίκη
655 4575 780 4659 ἐστιν,
811 4561 960 4645 ὁπόταν
978 4599 1032 4657 τις
1057 4566 1156 4670 παρὰ
1178 4567 1383 4660 διαιτηταῖς
1404 4599 1524 4670 παρα-

148 4686 396 4796 γραψάμενος
414 4698 482 4788 καί
502 4685 797 4793 ὖπομοσάμενος
819 4691 936 4772 νόσον
953 4688 976 4786 ii
985 4692 1204 4793 ἀποδημίαν
1223 4699 1275 4782 εἰς
1293 4692 1364 4786 τήν
1385 4701 1525 4794 κυρίαν

150 4813 230 4892 οὐκ
259 4812 418 4912 ὀφθείς,
448 4813 471 4908 ii
493 4817 547 4915 μή
579 4815 818 4911 ἀπαντήσας,
852 4819 990 4919 ἐρήμην
1016 4813 1130 4917 ὄφλῃ,
1170 4816 1320 4912 ’Ἔξεστι
1352 4819 1391 4897 δὲ
1421 4817 1525 4907 ἐντὸς

150 4940 244 5017 δέκα
272 4935 420 5043 ήμερῶν
448 4940 518 5033 τήν
541 4942 595 5042 μή
626 4939 750 5022 οὖσαν
778 4942 1002 5041 ἀντιλογεῖν
1029 4952 1097 5020 καί
1119 4940 1138 5038 r}
1161 4944 1274 5045 ἐρήμη
1292 4945 1448 5037 λύεται,
1478 4940 1525 5031 ὦς

149 5075 189 5161 ἐξ
209 5065 327 5172 ἀρχῆς
345 5074 476 5146 ἐλθεῖν
495 5075 554 5145 ἐπὶ
577 5068 789 5164 διαιτητήν·
818 5075 855 5146 εἰ
882 5070 919 5146 δὲ
934 5068 988 5169 μή
1009 5078 1075 5168 ἕλῃ
1093 5069 1162 5162 τήν
1177 5071 1229 5171 μή
1250 5065 1376 5148 οὖσαν
1388 5132 1398 5163 ,
1431 5072 1522 5149 ὀιιὸ-
