3436 5790
246 366 324 444 474
705 389 1016 445 eouusurnams
1035 388 1088 441 an
1107 386 1171 443 aas.

354 579 429 659 Alii
443 606 447 612 ·
461 581 634 661 dicebant
661 581 798 685 cyrbes
827 581 943 658 fuisse
970 579 1118 659 tabulas
1142 580 1409 679 triangulares,
1437 577 1632 679 inquibus

247 706 351 805 leges
379 706 434 783 de
463 706 611 785 rebus
637 707 796 785 sacris
823 715 871 783 et
898 704 1143 783 civilibus
1170 704 1514 806 inscriptaeerant‚
1543 728 1631 780 axo

246 859 313 908 nas
332 856 420 909 vero
440 833 586 910 tabulas
615 833 835 935 quadratas,
864 856 960 931 quae
988 830 1093 928 leges
1129 828 1184 905 de
1221 830 1368 906 rebus
1410 828 1632 932 privatis

245 959 403 1059 scriptas
435 958 686 1036 continebant
735 956 810 1035 Sed
837 953 1109 1057 Aristophanes
1143 954 1344 1053 Byzantius
1381 952 1516 1058 cyrbes
1555 951 1631 1027 axi-

246 1087 314 1160 bus
332 1082 468 1160 similes
488 1082 602 1160 fuisse
623 1084 732 1179 dicit,
761 1084 832 1159 hoc
856 1082 1087 1173 discrimine,
1115 1080 1214 1183 quod
1242 1103 1381 1158 axones
1409 1077 1631 1156 contine-

248 1218 360 1283 rent
386 1205 545 1306 leges,
574 1209 706 1310 cyrbes
735 1234 825 1285 vero
855 1207 981 1284 ritus
1008 1204 1391 1283 sacrificiorum.
1422 1200 1570 1296 (Schol.
1593 1200 1632 1274 in

246 1332 389 1410 Platon.
410 1331 619 1409 Politicum.
639 1359 676 1434 p.
697 1332 786 1408 335.
806 1333 862 1408 ed.
882 1330 1003 1409 Bekk.
1032 1332 1082 1408 Et
1100 1330 1235 1408 Suidas
1254 1357 1282 1405 s.
1303 1357 1338 1404 v.
1356 1321 1545 1426 κύρβεις).
1575 1324 1632 1401 Si·

245 1456 382 1534 militer
402 1456 653 1558 Apollodorus
673 1483 820 1559 quoque
841 1455 953 1551 dixit,
982 1455 1160 1557 cyrbibus
1179 1454 1291 1532 fuisse
1310 1454 1509 1555 inscriptas
1528 1450 1632 1551 leges

245 1583 342 1681 deos
354 1592 577 1684 spectantes.
606 1582 876 1686 (Harpocratio
894 1608 923 1658 s.
943 1609 979 1657 v.
998 1571 1186 1677 κύρβεις.)
1574 1579 1579 1585 ’

354 1722 413 1800 Aa
432 1750 509 1800 rem
529 1723 786 1820 dirimendam,
806 1725 1075 1824 investigemus
1091 1733 1314 1825 argumenta
1333 1723 1460 1821 legum
1470 1719 1632 1796 Solonis

352 1866 476 1943 Primo
506 1892 627 1943 axone
655 1865 747 1942 haec
774 1864 835 1943 lex
864 1866 1094 1943 continetur:
1124 1892 1144 1941 e
1172 1866 1355 1942 fructibus
1373 1861 1467 1939 nihil
1482 1867 1634 1963 praeter

245 1994 370 2069 oleum
390 1991 500 2066 vendi
518 1992 747 2093 peregrinis:
777 2002 902 2067 cetera
921 1990 1108 2092 exportari
1129 1990 1233 2067 nefas
1252 2000 1352 2085 esto,
1383 1988 1632 2089 princepsque

244 2118 474 2219 reipublicae
493 2116 533 2192 in
552 2127 666 2217 caput
684 2115 783 2217 ejus,
803 2117 867 2216 qui
885 2116 958 2192 alio
977 2118 1104 2217 fruges
1124 2116 1313 2210 avexerit,
1333 2124 1548 2206 execretur,
1568 2124 1633 2187 aut

244 2243 388 2319 aerario
417 2237 537 2318 solvat
561 2249 711 2318 centum
730 2241 938 2318 drachmas.
967 2239 1237 2335 (Plutarch.
1257 2239 1421 2317 Solon.
1442 2239 1529 2330 24.)
1566 2235 1631 2319 At

243 2369 306 2467 qui
327 2368 421 2442 haec
439 2366 501 2444 lex
519 2392 606 2469 pars
625 2367 695 2443 fuit
707 2368 805 2469 juris
829 2367 988 2468 publici3
1016 2394 1104 2442 nam
1132 2378 1426 2464 transgressores
1455 2365 1537 2464 ejus
1564 2389 1631 2465 pu

245 2492 342 2567 blica
362 2493 530 2585 actione,
560 2487 674 2582 φάσις
692 2491 810 2587 dieta,
837 2492 1110 2570 deferebantur.
1148 2493 1393 2592 Nequaquam
1411 2489 1527 2588 igitur
1546 2513 1632 2565 vere

244 2617 479 2713 dictumest,
509 2618 643 2694 axibus
671 2615 821 2695 Solonis
848 2618 1082 2695 solummodo
1110 2619 1214 2716 leges
1238 2616 1333 2719 juris
1362 2614 1499 2717 privati
1519 2613 1631 2690 fuisse

243 2744 452 2844 inscriptas.
1186 2724 1202 2760 ⁸

352 2887 464 2985 Legis
485 2895 640 2962 octavae
651 2911 671 2962 e
682 2884 826 2963 decima
844 2886 1112 2964 tertiaSolonis
1131 2887 1262 2964 tabula
1280 2885 1373 2962 haec
1392 2894 1481 2960 sunt
1499 2883 1631 2959 verba:

243 3035 373 3087 omnes
391 3010 454 3111 qui
473 3020 560 3086 ante
579 3008 728 3087 Solonis
745 3011 1005 3110 magistratum
1022 3012 1229 3111 ignominia
1247 3011 1397 3089 luerunt
1415 3009 1557 3103 notati,
1588 3008 1628 3084 li-

244 3134 324 3211 beri
342 3136 547 3235 ignominia
565 3144 687 3212 sunto.
717 3135 987 3228 (Plutarch.
1008 3136 1170 3214 Solon.
1191 3138 1274 3230 19.)
1312 3134 1401 3213 Jam
1429 3159 1523 3210 vero
1552 3157 1629 3207 mo·

244 3259 331 3336 dum
359 3260 585 3361 irrogandas
611 3261 839 3359 ignominiae
867 3262 1097 3339 definiebant
1122 3262 1225 3363 leges
1246 3262 1310 3362 jus
1337 3258 1532 3363 publicum
1549 3285 1629 3358 spe·

243 3398 399 3464 etentes.
437 3384 631 3465 Axonibus
648 3386 763 3485 igitur
781 3388 892 3464 etiam
910 3387 1014 3486 leges
1033 3389 1204 3490 publicae
1223 3397 1331 3465 erant
1347 3384 1563 3487 inscriptae.

351 3534 395 3608 In
415 3531 558 3608 decima
576 3542 682 3608 sexta
700 3531 847 3626 tabula,
866 3557 931 3607 seu
948 3556 1037 3633 axe,
1056 3532 1175 3632 pretia
1193 3531 1458 3608 sacrificiorum
1477 3527 1629 3604 eximio-

245 3684 328 3732 rum
349 3656 517 3732 definivit
535 3654 661 3732 Solon.
690 3655 959 3749 (Plutarch.
980 3652 1141 3732 Solon.
1161 3657 1254 3752 23);
1283 3654 1381 3731 unde
1399 3664 1505 3757 patet
1524 3678 1628 3754 prac-

245 3795 356 3885 cepta
385 3808 443 3859 res
473 3806 597 3859 sacras
625 3781 834 3883 spectantia
860 3782 942 3883 pari
972 3781 1082 3858 modo
1102 3783 1285 3859 axonibns
1304 3781 1418 3859 fuisse
1438 3778 1629 3878 inscripta

349 3927 521 4026 Denique
541 3951 561 4001 e
580 3924 844 4001 Demosthenis
864 3926 1030 4002 oratione
1050 3936 1181 4001 contra
1199 3920 1464 4001 Aristocratem
1483 3925 1540 4023 (p.
1552 3918 1629 3995 629

245 4046 278 4153 ξ.
299 4053 369 4145 28)
388 4052 526 4152 liquet,
553 4051 676 4148 legem
695 4049 741 4126 de
761 4048 955 4126 homicidis
978 4048 1018 4125 in
1047 4074 1166 4126 axone
1194 4047 1468 4151 promulgatam
1496 4045 1629 4136 fuisse,

245 4203 342 4277 quae
360 4187 485 4254 tamen
506 4176 671 4253 omnium
691 4201 877 4255 consensu
894 4177 943 4254 ad
956 4177 1019 4281 jus
1038 4176 1232 4279 publicum
1251 4172 1458 4278 spectabat.

351 4318 408 4396 Ex
425 4320 483 4398 his
496 4322 578 4424 jam
597 4322 685 4399 satis
705 4331 872 4419 constat,
901 4323 1085 4400 axonibus
1113 4348 1189 4398 non
1208 4322 1329 4401 solum
1346 4320 1535 4423 privatas,
1565 4315 1629 4393 sed

245 4445 356 4522 etiam
374 4448 546 4550 publicas
564 4448 667 4550 leges
686 4449 800 4528 fuisse
817 4450 1031 4553 inscriptas.

351 4590 465 4668 Miror
483 4591 762 4670 Samuelem
789 4593 1037 4696 Meyerum
1066 4593 1157 4688 (Die
1175 4591 1316 4668 Rechte
1336 4590 1403 4667 der
1423 4590 1628 4678 Israeliten,

244 4718 411 4795 Athener
430 4714 506 4795 und
524 4718 692 4811 Roemer,
711 4717 867 4820 Leipzig
890 4719 1013 4812 1862)
1033 4717 1144 4795 Petiti
1162 4716 1378 4819 opinionem
1396 4715 1574 4818 amplecti
1594 4724 1630 4788 et

243 4855 422 4938 statuere,
452 4841 629 4919 Solonem
657 4843 802 4922 nullum
830 4843 963 4923 fecisse
991 4842 1189 4922 discrimen
1207 4842 1314 4921 inter
1337 4841 1440 4941 leges
1459 4840 1629 4943 publicas

244 4982 280 5044 et
296 4970 473 5070 privatas.
