3436 5790
611 410 960 465 nararsnsncrnn.
1398 384 1476 460 289

739 603 827 678 946.

199 744 411 822 Trierarchi
439 744 486 821 ad
515 701 700 843 singulam
728 747 917 822 triremem
945 756 1127 823 vocentur
1155 745 1302 840 sedeni,
1333 770 1354 820 e
1383 741 1474 818 clas-

93 873 188 946 sium
206 869 540 964 contributoribus,
570 895 592 946 a
620 871 783 971 quinque
812 881 849 948 et
876 872 1011 970 viginti
1039 873 1147 948 annis
1174 895 1290 970 usque
1318 868 1367 945 ad
1385 893 1474 969 qna·

93 997 288 1098 draginta,
318 997 380 1096 qui
400 1022 447 1073 ex
465 1021 584 1097 aequo
603 996 852 1098 suppeditent

739 1158 828 1234 947.

204 1295 305 1387 Τοάς
332 1296 581 1397 τριηράρχους
608 1300 801 1397 αἱρεῖσθαι
829 1304 888 1376 ἐπὶ
917 1294 989 1390 την
1014 1297 1143 1399 τριήρη
1162 1294 1240 1374 άπό
1259 1298 1321 1389 της
1340 1292 1475 1382 οὐσίας

93 1422 199 1499 κατά
222 1428 375 1522 τίμησιν
394 1419 471 1498 άπὸ
490 1421 690 1501 ταλάντων
709 1421 822 1500 δέκα·
843 1421 914 1501 ἐάν
933 1421 970 1499 δὲ
991 1422 1178 1500 πλειόνων
1197 1417 1217 1514 ἢ
1240 1421 1355 1500 οὐσία
1375 1418 1474 1496 oino-

95 1555 315 1649 τετιμηιιένη
334 1543 358 1646 ᾖ
373 1548 604 1649 χρημάτων,
634 1546 734 1625 κατά
763 1547 835 1626 τὸν
863 1546 1128 1655 ἀναλογισμὸν
1146 1558 1211 1638 ἕως
1229 1548 1345 1647 τριῶν
1363 1552 1475 1623 πλοί-

95 1705 150 1752 ων
167 1682 238 1752 καί
255 1667 491 1773 ὑπηρετικοῦ
513 1669 532 1768 ἦ
554 1680 771 1780 λειτουργία
791 1677 906 1751 ἔστω·
933 1672 1035 1751 κατά
1064 1671 1137 1766 τήν
1165 1671 1290 1766 αὐτὴν
1311 1673 1350 1751 δὲ
1375 1670 1474 1751 άνα-

94 1807 234 1907 λογίαν
254 1805 347 1877 ἴστω
367 1807 434 1875 καί
456 1798 512 1888 οἷς
531 1799 699 1878 ἐλάττων
718 1798 833 1878 οὐσία
853 1806 930 1878 ἐστὶ
951 1802 1029 1878 τῶν
1053 1799 1146 1878 δέκα
1174 1799 1393 1890 ταλάντων,
1422 1804 1477 1887 είς

96 1935 314 2006 συντέλειαν
333 1933 608 2031 συναγομένοις
627 1930 679 2014 εἰς
697 1924 744 2001 τά
766 1923 859 2003 δέκα
878 1925 1058 2007 τάλαντα.

383 2057 592 2152 (Demosth.
612 2059 658 2136 de
679 2059 837 2138 Corona.
858 2060 946 2136 262.
976 2061 1056 2139 Lex
1075 2052 1370 2152 Demosthenis.)

739 2221 828 2296 947.

200 2364 412 2441 Trierarchi
441 2366 487 2440 ad
517 2365 703 2462 singulam
733 2365 922 2441 triremem
950 2364 1137 2466 deligendi
1167 2377 1254 2441 sunt
1273 2392 1292 2442 e
1311 2392 1350 2441 re
1370 2365 1474 2441 fami-

95 2488 174 2564 liari
203 2490 407 2564 secrmdum
436 2515 607 2583 censum,
636 2489 783 2565 adenis
803 2488 961 2565 talentis.
1000 2491 1109 2583 erod
1138 2491 1168 2566 si
1198 2517 1257 2565 res
1286 2490 1475 2566 familiaris

96 2615 209 2716 pluris
228 2615 422 2690 aestimata
442 2613 573 2709 fuerit,
602 2640 737 2690 munus
756 2613 793 2689 id
813 2640 880 2715 pro
899 2617 1071 2717 portione
1092 2617 1138 2693 ad
1156 2627 1283 2693 ternas
1302 2639 1419 2689 naves
1439 2626 1476 2689 et

96 2736 272 2840 scapham
291 2738 561 2839 progrediatur.
603 2736 744 2816 Eadem
772 2740 865 2815 ratio
894 2752 1064 2818 servetur
1091 2755 1128 2818 et
1155 2743 1194 2817 in
1222 2741 1288 2834 iis,
1318 2766 1474 2841 quornm

97 2890 228 2941 census
257 2865 385 2941 decern
412 2864 562 2940 talentis
593 2875 647 2941 est
667 2865 807 2961 minor,
837 2876 879 2941 ut
897 2867 1119 2943 contributis
1138 2867 1239 2961 aliis,
1270 2865 1398 2942 decem
1416 2875 1469 2940 ta·

96 2991 195 3067 lenta
213 2989 443 3092 expleantur.

740 3102 828 3178 948.

210 3236 266 3314 Τά
286 3239 404 3330 σκεύη
423 3238 481 3316 δεῖ
500 3246 678 3341 παρέχειν
696 3239 767 3332 τήν
786 3241 900 3318 πόλιν
919 3253 999 3331 τοῖς
1016 3243 1264 3344 τριηράρχοις.

671 3373 883 3464 (Demosth.
903 3371 949 3446 de
969 3399 1092 3448 coron.
1112 3373 1211 3449 trier.
1236 3372 1368 3461 1229.)

743 3533 832 3609 948.

202 3671 442 3751 Armamenta
460 3675 590 3750 civitas
610 3676 789 3775 praebeat
806 3677 1012 3753 triremium
1031 3678 1240 3779 praefectis.

742 3838 831 3914 949.

201 3972 295 4050 Εἶτα
315 3974 539 4077 πληρώμαθ’
559 3970 579 4072 ἦ
601 3978 708 4067 πόλις
728 3984 890 4081 παρέχει.

858 4112 1071 4205 (Demosth.
1090 4114 1130 4188 in
1149 4113 1237 4189 Mid.
1259 4112 1371 4208 565.)

741 4254 830 4333 949.

200 4393 345 4469 Deinde
375 4395 647 4496 complementa
677 4397 907 4491 (classiarios
927 4411 966 4475 et
984 4401 1133 4495 nautas)
1158 4398 1371 4501 respublica
1389 4425 1475 4500 sup·
1525 4503 1529 4510 Ι

95 4517 243 4616 peditat.

204 4763 305 4853 Τοάς
319 4773 395 4866 μὲν
413 4770 491 4847 τῶν
509 4777 679 4869 νεωρίων
696 4769 920 4871 ἐπιμελητάς
941 4770 1182 4869 παραδοῦναι
1204 4785 1282 4861 τοῖς
1302 4772 1475 4877 τριηράρ-

90 4919 178 4984 χοις
195 4887 263 4977 τάς
281 4893 376 4980 ναῦς
395 4901 463 4970 καί
489 4894 537 4969 τά
566 4896 705 4987 σκεύη,
734 4893 828 4984 τούς
846 4895 884 4971 δι’
904 4894 1153 4997 τριηράρχους
1172 4899 1478 5000 παρασκευάζειν

97 5012 162 5104 τάς
181 5015 277 5105 ναῦς
296 5025 356 5095 ἐπί
375 5017 446 5096 τὸν
464 5024 645 5102 ἔκπλουν.

603 5151 796 5254 (Inscript
816 5162 917 5231 naut.
937 5179 996 5256 ap.
1015 5153 1184 5232 Boeckh.
1202 5182 1240 5256 p.
1261 5157 1371 5252 462.)
