3404 5782
691 376 754 428 ms
769 362 991 425 fflVA‘l'UM.
1064 368 1067 375 '
1099 368 1129 399 '·'

784 556 901 641 ¹815.

260 718 310 789 ot
335 743 377 819 γε
402 709 484 811 μὴν
513 718 560 787 sn
587 709 665 785 τῶν
693 702 870 807 ἀνεψιῶν
897 700 1060 799 φύντες,
1079 694 1274 819 oiltrilorg
1298 691 1558 797 ’ἀνεψιάδαι,

153 841 227 918 εἴτε
256 847 295 931 ἐξ
324 835 477 934 ἀιιψοῖν
505 832 675 936 ἀρρένων
703 830 779 909 εἷεν
807 830 883 913 εἴτε
910 827 1098 922 θηλειῶν,
1128 822 1204 902 εἴτε
1230 830 1270 915 ἐξ
1290 813 1464 926 ἄρρενος
1483 824 1559 896 καὶ

155 969 328 1059 θηλείαςι
358 969 427 1039 καὶ
452 954 474 1039 δ
500 965 574 1061 μὲν
602 955 841 1062 ἀνεψιαδοῦς
869 962 1038 1061 λέγεται,
1060 944 1088 1045 ἦ
1119 949 1158 1029 δι’
1186 944 1395 1050 ἀνεψιαδῆ.
1441 949 1495 1026 Ol
1515 942 1556 1025 δι’

153 1101 200 1172 ἐκ
219 1091 296 1168 τῶν
315 1085 560 1191 ἀνεψιαδῶν,
592 1082 769 1178 ἀλληλοις
787 1083 988 1185 egenonto!
1004 1108 1045 1157 τε
1063 1081 1133 1156 καὶ
1150 1074 1365 1175 δξανεψιαά.

1084 1204 1239 1304 (Pollux
1258 1203 1326 1300 111,
1348 1202 1441 1295 29.)

794 1321 908 1401 1³15.
950 1426 953 1433 ¹
1111 1414 1114 1419 .

262 1471 336 1564 Qui
364 1481 489 1547 autem
518 1496 538 1545 e
568 1468 746 1546 fratribus
774 1444 819 1542 'et
846 1461 1035 1541 sororibus
1065 1453 1296 1562 patruelibus
1321 1444 1407 1531 nati
1438 1460 1552 1548 sunt,

156 1597 298 1675 sobrini
317 1597 388 1672 sibi
416 1607 544 1672 mutuo
574 1594 768 1687 dicuntur,
798 1590 877 1668 sive
898 1614 928 1666 e
947 1585 1121 1665 mssoulis
1140 1584 1220 1661 sive
1239 1606 1260 1657 e
1278 1578 1430 1656 feminis
1452 1578 1554 1671 sint,

156 1725 234 1802 sive
254 1748 274 1799 e
293 1747 392 1800 mare
412 1732 450 1798 et
466 1721 626 1817 femina3
653 1731 692 1796 et
709 1719 773 1796 ille
791 1715 942 1818 quidem
960 1713 1150 1807 sobrinus,
1169 1708 1263 1786 haee
1280 1729 1372 1781 vero
1391 1704 1555 1782 sobrina

157 1849 300 1926 dieitur.
337 1847 410 1940 Qui
429 1842 520 1922 v'sro
539 1871 559 1923 e
579 1845 741 1923 sobrinis
768 1844 846 1922 noti
871 1852 973 1937 sunt,
1002 1835 1220 1917 consobrini
1238 1842 1276 1914 et
1293 1826 1552 1914 consobrinae

157 1985 347 2053 vocantur.

798 2112 911 2191 1316.

269 2265 305 2334 Γ
301 2260 445 2359 αμβροὶ
464 2254 525 2345 δὲ,
556 2257 593 2330 οἱ
622 2262 668 2332 ἐκ
696 2253 767 2331 τοῦ
796 2251 989 2359 γήμαντος
1016 2260 1165 2345 οἰκίας·
1195 2254 1305 2349 οἷον,
1334 2251 1461 2354 πατὴρ
1479 2256 1552 2331 καὶ

155 2383 294 2484 μητηρ·
322 2389 392 2459 καὶ
421 2385 458 2458 οἱ
487 2374 599 2458 ἀλλοι
625 2378 760 2467 πάντες
778 2377 880 2456 κατά
899 2376 1044 2472 ταάεά,
1075 2385 1112 2458 οἱ
1132 2380 1224 2483 πρὸς
1241 2389 1376 2488 γένους
1394 2381 1454 2482 τῷ
1475 2377 1551 2456 ἀν-

161 2508 242 2611 δρὶ·
273 2514 455 2609 πενθεροὶ
485 2506 523 2584 δὲ
554 2504 767 2595 ἀνάπαλιν,
807 2509 844 2582 οὶ
872 2505 917 2604 τῇ
947 2512 1186 2612 γεγαμημένη
1215 2507 1497 2610 προσήκοντες·
1529 2497 1550 2599 ἦ

156 2638 232 2735 μὲν
249 2639 490 2741 γεγαμημένη
509 2631 642 2732 νύμφη
661 2637 857 2722 καλεῖται,
886 2631 931 2729 τῇ
957 2631 1027 2709 τοῦ
1057 2631 1248 2737 γήμαντος
1268 2640 1383 2735 μητρὶ
1401 2638 1475 2711 καὶ
1489 2630 1552 2734 ,τῷ

161 2766 274 2861 πατρὶ
294 2765 362 2836 καὶ
382 2756 534 2848 ε’·ννυάς·
563 2747 675 2835 οὗτοι
704 2755 743 2834 δι’·
771 2756 816 2854 τῇ
848 2754 1003 2856 νύμφῃ,
1033 2755 1170 2861 ἑκυρὸς
1198 2766 1268 2837 καὶ
1292 2758 1435 2860 irrepsi·
1466 2749 1551 2853 ᾗδὲ

161 2886 236 2962 τοῦ
254 2881 392 2989 ἀνδρὸς
412 2881 559 2980 ἀδελφή
579 2883 624 2981 τῇ
644 2887 800 2960 ἐκείνου
818 2890 1001 2988 γυναικὶ,
1031 2883 1173 2990 γάλως·
1201 2879 1223 2965 ἀ
1245 2884 1284 2964 δὲ
1303 2887 1376 2965 τοῦ
1396 2885 1551 2991 γήμαν-

161 3042 226 3100 τος
245 3009 432 3105 ἀδελφὸς,
463 3008 577 3110 δαήρ·
605 3013 645 3083 αὶ
664 3007 702 3086 δι’
723 3003 904 3104 ἀδελφοῖς
930 3008 1002 3087 δύο
1028 3013 1307 3104 συνοικοῦσαι,
1336 3009 1551 3109 εἰνάεηρες·

163 3139 200 3212 οἱ
229 3135 266 3211 δὲ
296 3132 465 3231 ἀδελφὰς
493 3138 703 3240 γήμαντες,
733 3125 979 3240 δμὸγαμβροι
1015 3133 1040 3227 ἢ
1075 3137 1318 3244 σύγγαμβροι
1347 3133 1369 3231 ἢ
1393 3135 1553 3237 μᾶλλον

164 3257 429 3366 συγκηδεσταί.
984 3264 1140 3358 (Pollux
1159 3269 1226 3366 III,
1246 3267 1440 3361 315-32.)

804 3388 915 3468 1316.

271 3534 413 3612 Generi
432 3545 557 3610 autem
577 3533 768 3631 dicuntur,
789 3535 851 3636 qui
871 3561 891 3610 e
910 3537 1037 3639 sponsi
1057 3550 1144 3613 sunt
1162 3536 1316 3643 familis,
1334 3547 1468 3639 utpote
1488 3562 1552 3639 pn-

165 3675 221 3740 ter
241 3674 278 3738 et
296 3671 435 3753 mator,
465 3671 503 3735 et
529 3658 591 3735 alii
612 3686 741 3737 omnes
760 3660 831 3735 hoo
851 3660 999 3754 ordine,
1029 3663 1091 3765 qui
1111 3674 1197 3738 sunt
1216 3689 1235 3738 e
1255 3662 1376 3773 rneriti
1395 3686 1553 3771 genere.

165 3787 293 3866 Sooeri
314 3799 438 3863 autem
457 3796 544 3861 sunt
562 3809 720 3886 sponsae
740 3787 949 3887 propingui.
974 3788 1102 3888 Nupta
1119 3814 1207 3864 vero
1225 3788 1307 3890 ipsa
1324 3788 1470 3890 sponsa
1488 3810 1552 3862 vo-

166 3923 288 4007 catur,
318 3911 383 3989 sed
412 3911 541 4013 sponsi
568 3911 665 4011 patri
693 3922 731 3984 et
758 3912 865 3986 matri
894 3912 1004 3986 etiarn
1032 3938 1145 3987 nurus
1174 3913 1328 4008 dicitur3
1355 3912 1393 3987 hi
1423 3924 1553 3990 erstem

167 4064 325 4139 sponsae
345 4064 450 4114 sooer
468 4061 667 4136 socrusque
688 4047 878 4112 vocantur.
904 4037 1025 4113 Mariti
1045 4064 1147 4115 soror
1167 4041 1248 4139 ejus
1266 4039 1373 4115 uxori
1391 4040 1479 4138 glos
1492 4039 1552 4114 ui-

167 4164 281 4256 oitur,
314 4166 435 4241 mariti
464 4188 552 4239 vero
582 4164 717 4255 frater,
745 4160 849 4239 levir.
888 4164 993 4256 Quae
1022 4190 1112 4241 vero
1140 4165 1285 4241 duobus
1303 4175 1392 4245 sunt
1410 4177 1558 4266 nuptos

169 4289 365 4383 fratribus,
386 4288 530 4364 adfines
548 4286 743 4380 (fratrias,
757 4287 987 4386 janitrices),
1006 4290 1070 4388 qui
1089 4299 1212 4366 autem
1232 4315 1377 4367 sorores
1397 4288 1555 4383 ducunt,

167 4414 265 4490 inter
283 4439 324 4491 se
342 4413 490 4511 generi,
510 4423 575 4490 aut
593 4412 769 4509 cogeneri
789 4422 853 4487 aut
872 4414 995 4513 potius
1014 4414 1204 4492 'ooadfines
1224 4424 1415 4492 vocantur.

810 4590 922 4668 1317.

270 4729 322 4810 ’A
330 4763 355 4838 γ
358 4743 579 4830 χιστεῑς,
608 4736 645 4807 οὶ
668 4727 746 4808 ἀπὸ
766 4729 945 4830 ἀδελφῶν
964 4740 1034 4810 καὶ
1054 4730 1229 4837 ἀνεψιῶν
1246 4740 1314 4811 καὶ
1336 4741 1459 4813 θείων
1478 4770 1556 4815 κα-

170 4859 216 4938 τά
247 4868 387 4960 πατέρα
415 4865 483 4935 καὶ
508 4865 649 4959 μητέρα
675 4857 869 4964 ἐγγυτάτω
898 4862 969 4938 τοῦ
999 4861 1308 4952 τελευτήσαντος·
1346 4865 1383 4936 οὶ
1413 4862 1453 4940 δὲ
1485 4868 1557 4958 ἔξω

170 4985 319 5065 τούτων
355 4995 618 5090 συγγενεῖς
649 4980 801 5083 μόνον·
837 4991 871 5063 οἳ
902 4987 940 5065 δὲ
978 4995 1065 5062 κατ’
1102 4992 1312 5091 ἐπιγαμίαν
1343 4998 1558 5086 μιχθέντες

169 5125 249 5203 τοῖς
268 5112 394 5241 οἴνορς
422 5117 615 5189 οἰκεῖοι
643 5117 819 5217 λέγονται
943 5132 948 5140 ’
969 5120 1083 5215 (Lex.
1103 5117 1255 5218 Seguer.
1276 5144 1312 5219 p.
1332 5117 1446 5213 213.)
