3436 5790
544 375 593 424 nn
611 373 848 425 sommam
869 378 917 427 im
936 378 1184 428 POSSESSIONE.
1473 355 1552 428 375

162 560 295 664 λόγος,
325 553 376 649 ὦς
395 559 439 636 τὸ
460 558 664 662 ἀλλότριον
684 567 930 652 πωλησαντα·
960 569 997 638 εἰ
1015 562 1052 638 δὲ
1068 561 1121 662 μὴ
1143 563 1331 662 ἐπιδείξῃ,
1364 564 1456 664 πρὸς
1476 562 1551 641 αὐ-

161 686 322 766 τὸντὸν
341 693 494 785 ἔχοντα.
931 696 1077 788 (Lexie.
1099 695 1253 794 Seguer.
1275 724 1310 796 p.
1334 696 1446 787 246.)

801 852 915 929 1458.

269 995 463 1073 Actionem
483 996 529 1070 ad
551 995 801 1073 exhibendum
820 993 1019 1071 intendunt
1035 981 1081 1091 ii',
1103 999 1165 1096 qui
1185 997 1322 1073 amissa
1343 1009 1449 1099 parte
1470 1024 1552 1073 suo·

160 1148 240 1197 nnn
259 1122 472 1197 utensilium
492 1121 549 1196 vel
570 1149 764 1198 servorum
782 1121 843 1197 vel
862 1148 1040 1221 pecorum
1066 1123 1126 1197 vel
1156 1123 1208 1197 rei
1240 1123 1449 1217 familiaris,
1485 1151 1550 1198 no·

160 1258 246 1323 runt
266 1248 366 1348 apud
385 1273 584 1346 quemnam
604 1248 671 1340 sit,
701 1248 800 1347 quod
819 1249 1031 1323 antisorant.
1072 1248 1145 1323 Per
1164 1248 1259 1323 hano
1279 1251 1464 1324 actionem
1483 1250 1550 1345 igi-

161 1386 218 1449 tur
239 1385 380 1473 cogunt
399 1399 503 1469 eum,
523 1374 585 1473 qui
605 1374 670 1449 illa
688 1373 813 1467 habet,
835 1372 1013 1450 exhibere
1034 1374 1157 1474 spolia
1175 1384 1213 1448 et
1232 1400 1255 1450 a
1275 1401 1348 1474 quo
1367 1374 1432 1451 illa
1452 1402 1549 1449 eme-

161 1500 216 1574 rit.
255 1497 294 1574 Si
307 1501 389 1600 jam
408 1499 641 1575 venditorem
662 1499 887 1591 ostenderit,
908 1500 971 1597 qui
991 1499 1115 1575 aliena
1134 1499 1264 1595 habet,
1285 1511 1418 1577 eontra
1435 1499 1550 1587 illum,

160 1636 336 1724 tanquam
364 1625 426 1724 qui
451 1625 573 1699 aliena
592 1623 780 1717 vendidit,
809 1624 924 1700 oritur
951 1624 997 1700 lis
1019 1623 1206 1725 jacturam
1236 1650 1369 1729 pass03
1397 1625 1454 1701 sin
1474 1652 1550 1703 non

161 1749 383 1844 ostenderit,
405 1760 536 1827 contra
555 1751 699 1851 ipsum,
720 1750 784 1850 qui
802 1750 926 1827 habet.

800 1931 916 2003 1459.

271 2067 334 2167 Τῷ
355 2066 543 2144 δοκοῦντι
562 2065 797 2165 κατέχειντά
809 2064 992 2166 ἀλλότρια
1003 2074 1077 2143 καὶ
1093 2066 1146 2166 μὴ
1167 2073 1220 2156 εἰς
1240 2077 1407 2168 ἐμφανὲς
1427 2064 1549 2174 ἄγειν,

160 2192 343 2293 ἐπιβολήν
362 2193 592 2293 ἐπιβάλλειν.
692 2197 838 2289 (Lexio.
860 2196 1013 2296 Seguer.
1036 2198 1125 2273 254.
1145 2227 1174 2275 a.
1195 2226 1229 2274 v.
1249 2193 1441 2294 ἐπιβολὴ.)

802 2375 915 2450 1459.

265 2522 338 2615 Qui
369 2522 470 2597 visus
498 2521 608 2596 fuerit
636 2520 758 2597 aliena
786 2518 970 2615 retinere,
1000 2547 1069 2597 neo
1088 2522 1126 2596 in
1147 2521 1339 2621 publicum
1358 2523 1548 2624 proferre,

159 2649 189 2722 ei
210 2648 347 2725 mulcta
366 2646 562 2723 arbitraria
581 2646 806 2746 imponatur.

794 2825 904 2899 1460.
994 2822 1000 2831 ’

258 2958 320 3041 Ἦ
334 2965 452 3066 δωρεᾶ
475 2966 576 3055 δόσις
596 2971 699 3044 ἐστὶν
719 2964 973 3053 ἀναπόδοτος.

827 3096 1037 3189 (Aristotel
1057 3089 1190 3198 ‘Popio
1212 3093 1277 3188 IV,
1299 3095 1332 3185 4,
1357 3095 1436 3185 12.)

800 3274 911 3349 1460.

263 3417 427 3495 Donatio
447 3428 503 3493 est
523 3418 624 3492 datio
644 3444 720 3493 non
739 3416 976 3494 restituenda.

796 3597 907 3673 1461.

262 3737 333 3828 Μὴ
356 3740 528 3815 κτᾶσθαι
549 3739 620 3843 γῆν
641 3730 786 3828 ὁπόσην
805 3733 859 3813 o'iv
875 3739 1063 3837 βούληταί
1083 3769 1147 3824 τις.

605 3867 813 3960 (Aristotel.
834 3868 1011 3962 Ρο111.Π,
1034 3871 1068 3962 4,
1088 3870 1124 3943 4.
1154 3867 1233 3942 Lex
1253 3865 1432 3959 Solonis.)

788 4047 900 4124 1461.

261 4195 319 4271 Ne
339 4195 450 4272 liceat
468 4203 613 4271 tantum
631 4195 710 4293 agri
731 4219 967 4297 comparare,
987 4204 1170 4299 quantum
1190 4190 1345 4294 quiaque
1365 4190 1466 4271 velit.
1598 4285 1601 4294 .
