<?xml version="1.0" encoding="UTF-8"?>
<!DOCTYPE html PUBLIC "-//W3C//DTD XHTML 1.0 Transitional//EN"
    "http://www.w3.org/TR/xhtml1/DTD/xhtml1-transitional.dtd">
<html xmlns="http://www.w3.org/1999/xhtml" xml:lang="en" lang="en">
 <head>
  <title>
</title>
<meta http-equiv="Content-Type" content="text/html;charset=utf-8" />
  <meta name='ocr-system' content='tesseract 3.04.00' />
  <meta name='ocr-capabilities' content='ocr_page ocr_carea ocr_par ocr_line ocrx_word'/>
</head>
<body>
  <div class='ocr_page' id='page_1' title='image "./synaggtnattiknn00tlgoog_0248.png"; bbox 0 0 3404 5782; ppageno 0'>
   <div class='ocr_carea' id='block_1_1' title="bbox 1 1919 315 1995">
    <p class='ocr_par' dir='ltr' id='par_1_1' title="bbox 1 1919 315 1995">
     <span class='ocr_line' id='line_1_1' title="bbox 1 1919 315 1995; baseline -0.01 1"><span class='ocrx_word' id='word_1_1' title='bbox 1 1964 5 1971; x_wconf 88' lang='lat'>·</span> <span class='ocrx_word' id='word_1_2' title='bbox 147 1919 315 1995; x_wconf 63' lang='lat' dir='ltr'><strong>mabunt.</strong></span> 
     </span>
    </p>
   </div>
   <div class='ocr_carea' id='block_1_2' title="bbox 692 377 982 433">
    <p class='ocr_par' dir='ltr' id='par_1_2' title="bbox 692 377 982 433">
     <span class='ocr_line' id='line_1_2' title="bbox 692 377 982 433; baseline 0.003 -4"><span class='ocrx_word' id='word_1_3' title='bbox 692 380 753 430; x_wconf 80' lang='lat' dir='ltr'><strong><em>ms</em></strong></span> <span class='ocrx_word' id='word_1_4' title='bbox 773 377 982 433; x_wconf 69' lang='lat' dir='ltr'><strong><em>Punucuu.</em></strong></span> 
     </span>
    </p>
   </div>
   <div class='ocr_carea' id='block_1_3' title="bbox 258 705 1393 811">
    <p class='ocr_par' dir='ltr' id='par_1_3' title="bbox 258 705 1393 811">
     <span class='ocr_line' id='line_1_3' title="bbox 258 705 1393 811; baseline -0.002 -18"><span class='ocrx_word' id='word_1_5' title='bbox 258 717 303 793; x_wconf 77' lang='grc' dir='ltr'><strong><em>Οἱ</em></strong></span> <span class='ocrx_word' id='word_1_6' title='bbox 326 709 605 811; x_wconf 79' lang='grc' dir='ltr'><strong><em>Ἐλλιμενισταί</em></strong></span> <span class='ocrx_word' id='word_1_7' title='bbox 626 705 862 811; x_wconf 79' lang='grc' dir='ltr'><strong><em>πράσσουσιν</em></strong></span> <span class='ocrx_word' id='word_1_8' title='bbox 879 715 923 785; x_wconf 85' lang='grc' dir='ltr'><strong><em>έν</em></strong></span> <span class='ocrx_word' id='word_1_9' title='bbox 941 719 1019 797; x_wconf 86' lang='grc' dir='ltr'><strong><em>τοῖς</em></strong></span> <span class='ocrx_word' id='word_1_10' title='bbox 1037 714 1182 809; x_wconf 81' lang='grc' dir='ltr'><strong><em>λιμέσιν</em></strong></span> <span class='ocrx_word' id='word_1_11' title='bbox 1200 706 1393 810; x_wconf 85' lang='grc' dir='ltr'><strong><em>ε’νόρμιον.</em></strong></span> 
     </span>
    </p>
   </div>
   <div class='ocr_carea' id='block_1_4' title="bbox 788 833 1421 1022">
    <p class='ocr_par' dir='ltr' id='par_1_4' title="bbox 788 833 1421 1022">
     <span class='ocr_line' id='line_1_4' title="bbox 788 833 1421 1022; baseline -0.008 -106"><span class='ocrx_word' id='word_1_12' title='bbox 788 947 866 1022; x_wconf 66' lang='grc'><strong><em>885</em></strong></span> <span class='ocrx_word' id='word_1_13' title='bbox 936 839 1117 940; x_wconf 81' lang='lat' dir='ltr'><strong>(Hesyoh.</strong></span> <span class='ocrx_word' id='word_1_14' title='bbox 1137 833 1421 943; x_wconf 74' lang='grc' dir='ltr'><strong><em>ἀγκορόβολα.)</em></strong></span> 
     </span>
    </p>
   </div>
   <div class='ocr_carea' id='block_1_5' title="bbox 255 1071 1350 1309">
    <p class='ocr_par' dir='ltr' id='par_1_5' title="bbox 255 1071 1350 1309">
     <span class='ocr_line' id='line_1_5' title="bbox 255 1071 1350 1174; baseline -0.002 -23"><span class='ocrx_word' id='word_1_15' title='bbox 255 1077 456 1153; x_wconf 79' lang='lat' dir='ltr'>Portitores</span> <span class='ocrx_word' id='word_1_16' title='bbox 475 1075 631 1174; x_wconf 83' lang='lat' dir='ltr'>exigunt</span> <span class='ocrx_word' id='word_1_17' title='bbox 648 1075 686 1148; x_wconf 87' lang='lat' dir='ltr'><strong><em>in</em></strong></span> <span class='ocrx_word' id='word_1_18' title='bbox 706 1073 875 1174; x_wconf 80' lang='lat' dir='ltr'><strong>portibus</strong></span> <span class='ocrx_word' id='word_1_19' title='bbox 894 1072 1098 1171; x_wconf 83' lang='lat' dir='ltr'><strong>portorium</strong></span> <span class='ocrx_word' id='word_1_20' title='bbox 1118 1071 1350 1150; x_wconf 75' lang='lat' dir='ltr'><strong>maritimum</strong></span> 
     </span>
     <span class='ocr_line' id='line_1_6' title="bbox 793 1233 881 1309; baseline -0.011 0"><span class='ocrx_word' id='word_1_21' title='bbox 793 1233 881 1309; x_wconf 90' lang='grc'><strong>886.</strong></span> 
     </span>
    </p>
   </div>
   <div class='ocr_carea' id='block_1_6' title="bbox 149 1369 1525 1605">
    <p class='ocr_par' dir='ltr' id='par_1_6' title="bbox 149 1369 1525 1605">
     <span class='ocr_line' id='line_1_7' title="bbox 257 1369 1525 1480; baseline -0.004 -26"><span class='ocrx_word' id='word_1_22' title='bbox 257 1379 302 1454; x_wconf 80' lang='grc' dir='ltr'><strong><em>Οἱ</em></strong></span> <span class='ocrx_word' id='word_1_23' title='bbox 324 1369 605 1477; x_wconf 80' lang='grc' dir='ltr'><strong><em>Ἔλλιμενισταὶ</em></strong></span> <span class='ocrx_word' id='word_1_24' title='bbox 625 1373 672 1452; x_wconf 78' lang='grc' dir='ltr'><strong><em>τοὶ</em></strong></span> <span class='ocrx_word' id='word_1_25' title='bbox 694 1372 771 1450; x_wconf 75' lang='grc' dir='ltr'><strong><em>τῶν</em></strong></span> <span class='ocrx_word' id='word_1_26' title='bbox 789 1370 997 1480; x_wconf 74' lang='grc' dir='ltr'><em>ἀγωγίμων</em></span> <span class='ocrx_word' id='word_1_27' title='bbox 1025 1370 1188 1474; x_wconf 76' lang='grc' dir='ltr'><strong><em>κιβώτια</em></strong></span> <span class='ocrx_word' id='word_1_28' title='bbox 1212 1369 1438 1467; x_wconf 77' lang='grc' dir='ltr'><strong><em>ἀνοίξαντες</em></strong></span> <span class='ocrx_word' id='word_1_29' title='bbox 1457 1380 1525 1449; x_wconf 77' lang='grc' dir='ltr'><strong><em>καὶ</em></strong></span> 
     </span>
     <span class='ocr_line' id='line_1_8' title="bbox 149 1498 1418 1605; baseline -0.002 -26"><span class='ocrx_word' id='word_1_30' title='bbox 149 1498 294 1590; x_wconf 77' lang='grc' dir='ltr'><strong><em>ἰδόντες</em></strong></span> <span class='ocrx_word' id='word_1_31' title='bbox 312 1503 545 1604; x_wconf 81' lang='grc' dir='ltr'><strong><em>τιμήσονται.</em></strong></span> <span class='ocrx_word' id='word_1_32' title='bbox 819 1501 916 1596; x_wconf 88' lang='lat' dir='ltr'><strong>(Jul.</strong></span> <span class='ocrx_word' id='word_1_33' title='bbox 937 1502 1098 1582; x_wconf 80' lang='lat' dir='ltr'><strong>African.</strong></span> <span class='ocrx_word' id='word_1_34' title='bbox 1118 1501 1231 1580; x_wconf 80' lang='lat' dir='ltr'><strong>Oesti.</strong></span> <span class='ocrx_word' id='word_1_35' title='bbox 1249 1531 1285 1605; x_wconf 90' lang='lat' dir='ltr'><strong><em>p.</em></strong></span> <span class='ocrx_word' id='word_1_36' title='bbox 1305 1503 1418 1597; x_wconf 77' lang='lat'>304.)</span> 
     </span>
    </p>
   </div>
   <div class='ocr_carea' id='block_1_7' title="bbox 256 1663 1523 1892">
    <p class='ocr_par' dir='ltr' id='par_1_7' title="bbox 256 1663 1523 1892">
     <span class='ocr_line' id='line_1_9' title="bbox 790 1663 879 1741; baseline 0.022 -2"><span class='ocrx_word' id='word_1_37' title='bbox 790 1663 879 1741; x_wconf 81' lang='grc'><strong>888.</strong></span> 
     </span>
     <span class='ocr_line' id='line_1_10' title="bbox 256 1788 1523 1892; baseline -0.002 -25"><span class='ocrx_word' id='word_1_38' title='bbox 256 1792 459 1870; x_wconf 72' lang='lat' dir='ltr'><strong>Portitores</strong></span> <span class='ocrx_word' id='word_1_39' title='bbox 486 1790 624 1892; x_wconf 71' lang='lat' dir='ltr'><strong>apertis</strong></span> <span class='ocrx_word' id='word_1_40' title='bbox 652 1802 690 1868; x_wconf 82' lang='lat' dir='ltr'><strong><em>et</em></strong></span> <span class='ocrx_word' id='word_1_41' title='bbox 715 1789 893 1889; x_wconf 76' lang='lat' dir='ltr'><strong>inspectis</strong></span> <span class='ocrx_word' id='word_1_42' title='bbox 929 1789 1108 1867; x_wconf 80' lang='lat' dir='ltr'><strong>mercium</strong></span> <span class='ocrx_word' id='word_1_43' title='bbox 1144 1789 1278 1869; x_wconf 74' lang='lat' dir='ltr'>arculis</span> <span class='ocrx_word' id='word_1_44' title='bbox 1313 1814 1377 1865; x_wconf 83' lang='lat' dir='ltr'><strong><em>eas</em></strong></span> <span class='ocrx_word' id='word_1_45' title='bbox 1414 1788 1523 1865; x_wconf 78' lang='lat' dir='ltr'>aesti-</span> 
     </span>
    </p>
   </div>
   <div class='ocr_carea' id='block_1_8' title="bbox 789 2023 878 2101">
    <p class='ocr_par' dir='ltr' id='par_1_8' title="bbox 789 2023 878 2101">
     <span class='ocr_line' id='line_1_11' title="bbox 789 2023 878 2101; baseline 0.034 -3"><span class='ocrx_word' id='word_1_46' title='bbox 789 2023 878 2101; x_wconf 89' lang='grc'><strong>887.</strong></span> 
     </span>
    </p>
   </div>
   <div class='ocr_carea' id='block_1_9' title="bbox 244 2159 1419 2387">
    <p class='ocr_par' dir='ltr' id='par_1_9' title="bbox 244 2159 1419 2387">
     <span class='ocr_line' id='line_1_12' title="bbox 244 2159 1168 2267; baseline -0.003 -27"><span class='ocrx_word' id='word_1_47' title='bbox 244 2159 435 2261; x_wconf 76' lang='grc' dir='ltr'><strong><em>’Ἑχουσιν</em></strong></span> <span class='ocrx_word' id='word_1_48' title='bbox 453 2162 626 2241; x_wconf 74' lang='grc' dir='ltr'><strong><em>ἀτέλειαν</em></strong></span> <span class='ocrx_word' id='word_1_49' title='bbox 645 2164 682 2239; x_wconf 74' lang='grc' dir='ltr'><strong><em>οἱ</em></strong></span> <span class='ocrx_word' id='word_1_50' title='bbox 701 2161 940 2267; x_wconf 78' lang='grc' dir='ltr'><strong><em>σιτηγοῦντες</em></strong></span> <span class='ocrx_word' id='word_1_51' title='bbox 963 2159 1168 2255; x_wconf 72' lang='grc' dir='ltr'><strong><em>Ἀθήναζε.</em></strong></span> 
     </span>
     <span class='ocr_line' id='line_1_13' title="bbox 634 2288 1419 2387; baseline -0.006 -20"><span class='ocrx_word' id='word_1_52' title='bbox 634 2289 781 2387; x_wconf 82' lang='lat' dir='ltr'>(Schol.</span> <span class='ocrx_word' id='word_1_53' title='bbox 800 2292 839 2367; x_wconf 88' lang='lat' dir='ltr'><strong><em>in</em></strong></span> <span class='ocrx_word' id='word_1_54' title='bbox 858 2291 1049 2368; x_wconf 82' lang='lat' dir='ltr'><strong>Demosth.</strong></span> <span class='ocrx_word' id='word_1_55' title='bbox 1070 2290 1228 2365; x_wconf 80' lang='lat' dir='ltr'><strong>Timocr.</strong></span> <span class='ocrx_word' id='word_1_56' title='bbox 1249 2288 1339 2384; x_wconf 80' lang='lat'>743,</span> <span class='ocrx_word' id='word_1_57' title='bbox 1360 2289 1419 2382; x_wconf 86' lang='grc'><strong><em>4.)</em></strong></span> 
     </span>
    </p>
   </div>
   <div class='ocr_carea' id='block_1_10' title="bbox 254 2452 1458 2677">
    <p class='ocr_par' dir='ltr' id='par_1_10' title="bbox 254 2452 1458 2677">
     <span class='ocr_line' id='line_1_14' title="bbox 794 2452 884 2530; baseline 0.044 -4"><span class='ocrx_word' id='word_1_58' title='bbox 794 2452 884 2530; x_wconf 92' lang='grc'><strong>887.</strong></span> 
     </span>
     <span class='ocr_line' id='line_1_15' title="bbox 254 2575 1458 2677; baseline -0.002 -22"><span class='ocrx_word' id='word_1_59' title='bbox 254 2578 326 2672; x_wconf 80' lang='lat' dir='ltr'><strong><em>Qui</em></strong></span> <span class='ocrx_word' id='word_1_60' title='bbox 346 2577 511 2659; x_wconf 75' lang='lat' dir='ltr'>Athenas</span> <span class='ocrx_word' id='word_1_61' title='bbox 529 2578 823 2676; x_wconf 62' lang='lat' dir='ltr'><strong>flammantur,</strong></span> <span class='ocrx_word' id='word_1_62' title='bbox 849 2578 1033 2656; x_wconf 82' lang='lat' dir='ltr'><strong>immunes</strong></span> <span class='ocrx_word' id='word_1_63' title='bbox 1051 2589 1138 2662; x_wconf 76' lang='lat' dir='ltr'>sunt</span> <span class='ocrx_word' id='word_1_64' title='bbox 1157 2602 1180 2654; x_wconf 78' lang='lat' dir='ltr'><strong>a</strong></span> <span class='ocrx_word' id='word_1_65' title='bbox 1198 2575 1458 2677; x_wconf 67' lang='lat' dir='ltr'><strong>vectigalibus.</strong></span> 
     </span>
    </p>
   </div>
   <div class='ocr_carea' id='block_1_11' title="bbox 791 2736 880 2812">
    <p class='ocr_par' dir='ltr' id='par_1_11' title="bbox 791 2736 880 2812">
     <span class='ocr_line' id='line_1_16' title="bbox 791 2736 880 2812; baseline 0.045 -4"><span class='ocrx_word' id='word_1_66' title='bbox 791 2736 880 2812; x_wconf 92' lang='grc'><strong>888.</strong></span> 
     </span>
    </p>
   </div>
   <div class='ocr_carea' id='block_1_12' title="bbox 247 2869 1418 3190">
    <p class='ocr_par' dir='ltr' id='par_1_12' title="bbox 247 2869 1418 3190">
     <span class='ocr_line' id='line_1_17' title="bbox 247 2869 1094 2984; baseline 0 -31"><span class='ocrx_word' id='word_1_67' title='bbox 247 2869 362 2977; x_wconf 74' lang='grc' dir='ltr'><strong><em>Ὑπὲρ</em></strong></span> <span class='ocrx_word' id='word_1_68' title='bbox 380 2877 535 2978; x_wconf 78' lang='grc' dir='ltr'><strong><em>κριθῶν</em></strong></span> <span class='ocrx_word' id='word_1_69' title='bbox 549 2873 687 2984; x_wconf 72' lang='grc' dir='ltr'><strong><em>ὀλίγον</em></strong></span> <span class='ocrx_word' id='word_1_70' title='bbox 706 2878 960 2979; x_wconf 81' lang='grc' dir='ltr'><strong><em>εἰσπράττεται</em></strong></span> <span class='ocrx_word' id='word_1_71' title='bbox 979 2884 1094 2966; x_wconf 84' lang='grc' dir='ltr'><strong><em>τέλος.</em></strong></span> 
     </span>
     <span class='ocr_line' id='line_1_18' title="bbox 890 2987 1418 3084; baseline -0.004 -20"><span class='ocrx_word' id='word_1_72' title='bbox 890 2989 1066 3082; x_wconf 84' lang='lat' dir='ltr'>(Zenobii</span> <span class='ocrx_word' id='word_1_73' title='bbox 1085 2987 1263 3067; x_wconf 78' lang='lat' dir='ltr'>Centuria</span> <span class='ocrx_word' id='word_1_74' title='bbox 1281 2987 1310 3084; x_wconf 92' lang='lat'><strong><em>1,</em></strong></span> <span class='ocrx_word' id='word_1_75' title='bbox 1331 2987 1418 3081; x_wconf 82' lang='grc'><strong>74.)</strong></span> 
     </span>
     <span class='ocr_line' id='line_1_19' title="bbox 792 3114 881 3190; baseline 0 0"><span class='ocrx_word' id='word_1_76' title='bbox 792 3114 881 3190; x_wconf 91' lang='grc'><strong>888.</strong></span> 
     </span>
    </p>
   </div>
   <div class='ocr_carea' id='block_1_13' title="bbox 253 3236 1395 3477">
    <p class='ocr_par' dir='ltr' id='par_1_13' title="bbox 253 3236 1395 3477">
     <span class='ocr_line' id='line_1_20' title="bbox 253 3236 1030 3340; baseline 0.005 -29"><span class='ocrx_word' id='word_1_77' title='bbox 253 3237 326 3313; x_wconf 88' lang='lat' dir='ltr'><strong><em>Pro</em></strong></span> <span class='ocrx_word' id='word_1_78' title='bbox 346 3236 487 3316; x_wconf 89' lang='lat' dir='ltr'>hordeo</span> <span class='ocrx_word' id='word_1_79' title='bbox 506 3264 662 3339; x_wconf 83' lang='lat' dir='ltr'><strong>parvum</strong></span> <span class='ocrx_word' id='word_1_80' title='bbox 682 3238 840 3339; x_wconf 82' lang='lat' dir='ltr'><strong>exigitur</strong></span> <span class='ocrx_word' id='word_1_81' title='bbox 858 3241 1030 3340; x_wconf 82' lang='lat' dir='ltr'>vectigal.</span> 
     </span>
     <span class='ocr_line' id='line_1_21' title="bbox 786 3399 1395 3477; baseline 0.005 -3"><span class='ocrx_word' id='word_1_82' title='bbox 786 3399 874 3477; x_wconf 84' lang='grc'><strong>889.</strong></span> <span class='ocrx_word' id='word_1_83' title='bbox 1378 3433 1395 3477; x_wconf 69' lang='grc' dir='ltr'><strong><em>ι</em></strong></span> 
     </span>
    </p>
   </div>
   <div class='ocr_carea' id='block_1_14' title="bbox 256 3534 1094 3640">
    <p class='ocr_par' dir='ltr' id='par_1_14' title="bbox 256 3534 1094 3640">
     <span class='ocr_line' id='line_1_22' title="bbox 256 3534 1094 3640; baseline 0.006 -27"><span class='ocrx_word' id='word_1_84' title='bbox 256 3534 356 3623; x_wconf 80' lang='grc' dir='ltr'><strong><em>Τούς</em></strong></span> <span class='ocrx_word' id='word_1_85' title='bbox 375 3536 537 3625; x_wconf 84' lang='grc' dir='ltr'><strong><em>τελῶνας</em></strong></span> <span class='ocrx_word' id='word_1_86' title='bbox 556 3534 764 3640; x_wconf 82' lang='grc' dir='ltr'><strong><em>ἀποφέρειν</em></strong></span> <span class='ocrx_word' id='word_1_87' title='bbox 782 3536 826 3616; x_wconf 87' lang='grc' dir='ltr'><strong><em>τὸ</em></strong></span> <span class='ocrx_word' id='word_1_88' title='bbox 847 3536 1094 3632; x_wconf 80' lang='grc' dir='ltr'><strong><em>ἄτιλώνητον.</em></strong></span> 
     </span>
    </p>
   </div>
   <div class='ocr_carea' id='block_1_15' title="bbox 787 3651 1419 3854">
    <p class='ocr_par' dir='ltr' id='par_1_15' title="bbox 787 3651 1419 3854">
     <span class='ocr_line' id='line_1_23' title="bbox 895 3651 1419 3753; baseline 0 -26"><span class='ocrx_word' id='word_1_89' title='bbox 895 3652 1069 3746; x_wconf 86' lang='lat' dir='ltr'>(Zenobii</span> <span class='ocrx_word' id='word_1_90' title='bbox 1088 3654 1260 3753; x_wconf 85' lang='lat' dir='ltr'><strong>proverb.</strong></span> <span class='ocrx_word' id='word_1_91' title='bbox 1280 3653 1310 3750; x_wconf 84' lang='grc' dir='ltr'><strong><em>Ι,</em></strong></span> <span class='ocrx_word' id='word_1_92' title='bbox 1332 3651 1419 3746; x_wconf 80' lang='grc'><strong>74.)</strong></span> 
     </span>
     <span class='ocr_line' id='line_1_24' title="bbox 787 3776 877 3854; baseline 0.033 -4"><span class='ocrx_word' id='word_1_93' title='bbox 787 3776 877 3854; x_wconf 93' lang='grc'><strong>889.</strong></span> 
     </span>
    </p>
   </div>
   <div class='ocr_carea' id='block_1_16' title="bbox 251 3900 1444 4138">
    <p class='ocr_par' dir='ltr' id='par_1_16' title="bbox 251 3900 1444 4138">
     <span class='ocr_line' id='line_1_25' title="bbox 251 3900 1444 4004; baseline 0.003 -26"><span class='ocrx_word' id='word_1_94' title='bbox 251 3901 446 3979; x_wconf 78' lang='lat' dir='ltr'><strong>Publicani</strong></span> <span class='ocrx_word' id='word_1_95' title='bbox 466 3902 670 3978; x_wconf 80' lang='lat' dir='ltr'><strong>confiscent</strong></span> <span class='ocrx_word' id='word_1_96' title='bbox 688 3900 745 4004; x_wconf 83' lang='lat' dir='ltr'><strong><em>id,</em></strong></span> <span class='ocrx_word' id='word_1_97' title='bbox 766 3901 812 3977; x_wconf 89' lang='lat' dir='ltr'><strong><em>de</em></strong></span> <span class='ocrx_word' id='word_1_98' title='bbox 831 3928 905 4002; x_wconf 90' lang='lat' dir='ltr'><strong><em>quo</em></strong></span> <span class='ocrx_word' id='word_1_99' title='bbox 924 3902 1084 4002; x_wconf 81' lang='lat' dir='ltr'><strong>vectigal</strong></span> <span class='ocrx_word' id='word_1_100' title='bbox 1103 3928 1177 3980; x_wconf 90' lang='lat' dir='ltr'><strong><em>non</em></strong></span> <span class='ocrx_word' id='word_1_101' title='bbox 1196 3916 1252 3980; x_wconf 77' lang='lat' dir='ltr'><strong><em>est</em></strong></span> <span class='ocrx_word' id='word_1_102' title='bbox 1269 3905 1444 3984; x_wconf 76' lang='lat' dir='ltr'><strong>solutum.</strong></span> 
     </span>
     <span class='ocr_line' id='line_1_26' title="bbox 788 4063 877 4138; baseline 0 0"><span class='ocrx_word' id='word_1_103' title='bbox 788 4063 877 4138; x_wconf 90' lang='grc'><strong>890.</strong></span> 
     </span>
    </p>
   </div>
   <div class='ocr_carea' id='block_1_17' title="bbox 252 4179 1203 4291">
    <p class='ocr_par' dir='ltr' id='par_1_17' title="bbox 252 4179 1203 4291">
     <span class='ocr_line' id='line_1_27' title="bbox 252 4179 1203 4291; baseline 0.004 -30"><span class='ocrx_word' id='word_1_104' title='bbox 252 4182 362 4261; x_wconf 79' lang='grc' dir='ltr'><strong><em>Εἶναι</em></strong></span> <span class='ocrx_word' id='word_1_105' title='bbox 383 4179 556 4261; x_wconf 80' lang='grc' dir='ltr'><strong><em>ἀτέλειαν</em></strong></span> <span class='ocrx_word' id='word_1_106' title='bbox 575 4195 653 4271; x_wconf 84' lang='grc' dir='ltr'><strong><em>τοῖς</em></strong></span> <span class='ocrx_word' id='word_1_107' title='bbox 671 4187 840 4286; x_wconf 79' lang='grc' dir='ltr'><strong><em>Λέσβιον</em></strong></span> <span class='ocrx_word' id='word_1_108' title='bbox 865 4182 976 4260; x_wconf 75' lang='grc' dir='ltr'><strong><em>οἶνον</em></strong></span> <span class='ocrx_word' id='word_1_109' title='bbox 994 4189 1203 4291; x_wconf 76' lang='grc' dir='ltr'><strong><em>εἰσάγουσι.</em></strong></span> 
     </span>
    </p>
   </div>
   <div class='ocr_carea' id='block_1_18' title="bbox 786 4314 1415 4497">
    <p class='ocr_par' dir='ltr' id='par_1_18' title="bbox 786 4314 1415 4497">
     <span class='ocr_line' id='line_1_28' title="bbox 1044 4314 1415 4416; baseline 0.005 -22"><span class='ocrx_word' id='word_1_110' title='bbox 1044 4314 1197 4411; x_wconf 64' lang='lat' dir='ltr'><strong>(Athen.</strong></span> <span class='ocrx_word' id='word_1_111' title='bbox 1216 4317 1246 4416; x_wconf 85' lang='lat'><strong><em>1,</em></strong></span> <span class='ocrx_word' id='word_1_112' title='bbox 1267 4318 1330 4416; x_wconf 76' lang='grc' dir='ltr'><strong><em>τε,</em></strong></span> <span class='ocrx_word' id='word_1_113' title='bbox 1350 4319 1415 4413; x_wconf 76' lang='grc' dir='ltr'><strong><em>τ.)</em></strong></span> 
     </span>
     <span class='ocr_line' id='line_1_29' title="bbox 786 4421 875 4497; baseline 0 0"><span class='ocrx_word' id='word_1_114' title='bbox 786 4421 875 4497; x_wconf 79' lang='lat'><strong>890.</strong></span> 
     </span>
    </p>
   </div>
   <div class='ocr_carea' id='block_1_19' title="bbox 251 4546 1517 4787">
    <p class='ocr_par' dir='ltr' id='par_1_19' title="bbox 251 4546 1517 4787">
     <span class='ocr_line' id='line_1_30' title="bbox 251 4546 1517 4656; baseline 0.004 -33"><span class='ocrx_word' id='word_1_115' title='bbox 251 4546 437 4625; x_wconf 87' lang='lat' dir='ltr'>Immunes</span> <span class='ocrx_word' id='word_1_116' title='bbox 457 4560 566 4626; x_wconf 86' lang='lat' dir='ltr'>sunto</span> <span class='ocrx_word' id='word_1_117' title='bbox 586 4574 609 4624; x_wconf 82' lang='lat' dir='ltr'><strong>a</strong></span> <span class='ocrx_word' id='word_1_118' title='bbox 628 4548 885 4648; x_wconf 76' lang='lat' dir='ltr'>vectigalibus,</span> <span class='ocrx_word' id='word_1_119' title='bbox 900 4549 962 4649; x_wconf 86' lang='lat' dir='ltr'><strong><em>qui</em></strong></span> <span class='ocrx_word' id='word_1_120' title='bbox 973 4548 1149 4627; x_wconf 85' lang='lat' dir='ltr'>Lesbium</span> <span class='ocrx_word' id='word_1_121' title='bbox 1160 4553 1288 4628; x_wconf 86' lang='lat' dir='ltr'><strong>vinum</strong></span> <span class='ocrx_word' id='word_1_122' title='bbox 1305 4553 1517 4656; x_wconf 78' lang='lat' dir='ltr'><strong>important.</strong></span> 
     </span>
     <span class='ocr_line' id='line_1_31' title="bbox 788 4711 878 4787; baseline 0.011 -1"><span class='ocrx_word' id='word_1_123' title='bbox 788 4711 878 4787; x_wconf 78' lang='grc'><strong>891.</strong></span> 
     </span>
    </p>
   </div>
   <div class='ocr_carea' id='block_1_20' title="bbox 148 4830 1516 5077">
    <p class='ocr_par' dir='ltr' id='par_1_20' title="bbox 148 4830 1516 5077">
     <span class='ocr_line' id='line_1_32' title="bbox 256 4830 1516 4959; baseline 0.006 -35"><span class='ocrx_word' id='word_1_124' title='bbox 256 4830 343 4937; x_wconf 75' lang='grc' dir='ltr'><strong><em>Τοῖς</em></strong></span> <span class='ocrx_word' id='word_1_125' title='bbox 360 4845 407 4924; x_wconf 83' lang='grc' dir='ltr'><strong><em>τοὶ</em></strong></span> <span class='ocrx_word' id='word_1_126' title='bbox 426 4854 508 4939; x_wconf 81' lang='grc' dir='ltr'><strong><em>τέλη</em></strong></span> <span class='ocrx_word' id='word_1_127' title='bbox 527 4834 759 4950; x_wconf 75' lang='grc' dir='ltr'><strong><em>ὠνουμένοις</em></strong></span> <span class='ocrx_word' id='word_1_128' title='bbox 777 4845 844 4938; x_wconf 80' lang='grc' dir='ltr'><strong><em>τοὶς</em></strong></span> <span class='ocrx_word' id='word_1_129' title='bbox 863 4855 1040 4950; x_wconf 77' lang='grc' dir='ltr'><strong><em>τιμωρίας</em></strong></span> <span class='ocrx_word' id='word_1_130' title='bbox 1065 4850 1188 4944; x_wconf 79' lang='grc' dir='ltr'><strong><em>εἶναι,</em></strong></span> <span class='ocrx_word' id='word_1_131' title='bbox 1217 4857 1253 4930; x_wconf 78' lang='grc' dir='ltr'><strong><em>εἰ</em></strong></span> <span class='ocrx_word' id='word_1_132' title='bbox 1264 4853 1318 4955; x_wconf 76' lang='grc' dir='ltr'><em>μή</em></span> <span class='ocrx_word' id='word_1_133' title='bbox 1340 4855 1516 4959; x_wconf 77' lang='grc' dir='ltr'><strong><em>καταβά-</em></strong></span> 
     </span>
     <span class='ocr_line' id='line_1_33' title="bbox 148 4970 1197 5077; baseline 0.008 -27"><span class='ocrx_word' id='word_1_134' title='bbox 148 4982 253 5050; x_wconf 88' lang='grc' dir='ltr'><strong><em>λοιεν</em></strong></span> <span class='ocrx_word' id='word_1_135' title='bbox 269 4970 316 5052; x_wconf 86' lang='grc' dir='ltr'><strong><em>τοὶ</em></strong></span> <span class='ocrx_word' id='word_1_136' title='bbox 329 4972 526 5077; x_wconf 74' lang='grc' dir='ltr'><strong><em>χρήματα,</em></strong></span> <span class='ocrx_word' id='word_1_137' title='bbox 555 4972 626 5051; x_wconf 76' lang='grc' dir='ltr'><strong><em>τὸν</em></strong></span> <span class='ocrx_word' id='word_1_138' title='bbox 646 4974 788 5075; x_wconf 85' lang='grc' dir='ltr'><strong><em>δεσμὸν</em></strong></span> <span class='ocrx_word' id='word_1_139' title='bbox 804 4981 875 5055; x_wconf 75' lang='grc' dir='ltr'><strong><em>καὶ</em></strong></span> <span class='ocrx_word' id='word_1_140' title='bbox 894 4973 965 5066; x_wconf 72' lang='grc' dir='ltr'><strong><em>τήν</em></strong></span> <span class='ocrx_word' id='word_1_141' title='bbox 983 4975 1197 5058; x_wconf 75' lang='grc' dir='ltr'><strong><em>διπλασίαν.</em></strong></span> 
     </span>
    </p>
   </div>
   <div class='ocr_carea' id='block_1_21' title="bbox 686 5105 1421 5207">
    <p class='ocr_par' dir='ltr' id='par_1_21' title="bbox 686 5105 1421 5207">
     <span class='ocr_line' id='line_1_34' title="bbox 686 5105 1421 5207; baseline 0.031 -39"><span class='ocrx_word' id='word_1_142' title='bbox 686 5159 703 5168; x_wconf 86' lang='lat'><strong><em>..</em></strong></span> <span class='ocrx_word' id='word_1_143' title='bbox 843 5105 1053 5199; x_wconf 73' lang='lat' dir='ltr'>(Demosth.</span> <span class='ocrx_word' id='word_1_144' title='bbox 1072 5136 1103 5187; x_wconf 86' lang='grc' dir='ltr'><strong><em>ο.</em></strong></span> <span class='ocrx_word' id='word_1_145' title='bbox 1123 5108 1280 5206; x_wconf 80' lang='lat' dir='ltr'><strong>Timocr.</strong></span> <span class='ocrx_word' id='word_1_146' title='bbox 1303 5109 1421 5207; x_wconf 81' lang='grc'><strong>738.)</strong></span> 
     </span>
    </p>
   </div>
   <div class='ocr_carea' id='block_1_22' title="bbox 0 0 1706 5782">
    <p class='ocr_par' dir='ltr' id='par_1_22' title="bbox 0 0 1706 5782">
     <span class='ocr_line' id='line_1_35' title="bbox 0 0 1706 5782; baseline 0 1"><span class='ocrx_word' id='word_1_147' title='bbox 0 0 1706 5782; x_wconf 95' lang='lat' dir='ltr'><strong><em> </em></strong></span> 
     </span>
    </p>
   </div>
  </div>
 </body>
</html>
