3436 5790
577 421 886 480 commsuraaws
904 414 1059 475 ιιιιιιι.
1080 416 1160 471 uss.
1480 397 1556 489 m

168 616 328 716 impune·
342 616 549 694 verberato.
584 615 657 708 Qui
676 639 766 690 vero
787 610 1035 689 adulteratum
1055 610 1144 712 quid
1163 610 1328 693 vendere
1347 623 1560 714 compartum

166 740 297 832 fuerit,
318 751 582 843 praeterquam
600 739 700 841 quod
718 739 927 816 adulterato
948 736 1177 836 privabitur,
1207 763 1280 836 pro
1300 736 1430 837 pretii,
1455 735 1559 836 qaod

169 866 283 943 merci
302 864 821 960 constituerit,:magnitudine
839 862 878 937 in
897 860 1067 960 singulas
1085 861 1282 939 drachmas
1302 860 1460 960 singulis
1478 885 1559 953 uer·

169 991 320 1071 boribus
337 991 487 1089 flagello
506 991 670 1069 caeditor
688 1015 874 1092 praecone
895 987 1063 1065 adhibito
1082 988 1121 1067 in
1142 988 1244 1080 foro,
1265 1012 1379 1086 causa
1395 1011 1558 1087 pronun,

170 1117 261 1195 tiara
280 1118 427 1194 futurae
446 1116 728 1193 verberationis.

276 1261 320 1335 Ιιι
339 1259 462 1336 Lesbo
492 1259 734 1358 piscariorum
763 1259 985 1357 quicumque
1015 1258 1115 1332 facta
1136 1248 1399 1332 'aestimatione
1418 1256 1559 1357 piscem

168 1384 278 1462 alicui
298 1383 428 1461 vendit
446 1385 628 1461 minorem
647 1383 768 1485 pretio
798 1381 898 1481 quod
927 1381 1040 1471 dixit,
1070 1382 1110 1456 in
1138 1380 1344 1458 custodiam
1371 1381 1559 1482 externplo

168 1507 411 1586 abducendus
436 1519 511 1603 est,
542 1519 583 1586 ιιι
610 1519 820 1587 metuentes
849 1508 967 1605 digna
995 1506 1254 1597 aestimatione
1283 1506 1451 1585 contenti
1477 1530 1558 1587 asae

167 1635 299 1713 malint
327 1660 436 1735 quam
465 1635 613 1735 vesperi
646 1634 796 1737 putidos
827 1659 957 1710 omnes
995 1634 1144 1709 domum
1181 1633 1339 1709 auferre.
1378 1629 1558 1725 (Atha-

168 1784 318 1852 naeus
347 1759 413 1854 VI,
440 1759 551 1850 226.)

191 1940 196 1949 v
732 1898 979 1981 ΔΝΜ.

275 2080 319 2175 In
349 2080 470 2157 lexico
498 2080 622 2158 Photii
651 2109 687 2182 p.
708 2082 785 2155 665
815 2081 907 2158 haec
935 2081 1130 2178 leguntur:
1160 2079 1293 2181 Lysias
1321 2081 1359 2155 iu
1390 2080 1558 2162 oratione

167 2216 297 2282 contra
318 2202 527 2283 Aristonem
557 2203 645 2280 dicit
669 2204 765 2306 legis
794 2201 838 2280 de
867 2205 999 2285 inertia
1024 2217 1212 2282 auctorem
1233 2231 1313 2282 esse
1333 2182 1557 2299 Draconem,

167 2355 241 2430 qua
262 2327 396 2406 deinde
415 2327 530 2407 Solon
550 2355 697 2432 quoque
718 2357 805 2407 usus
826 2333 892 2424 sit,
923 2357 1084 2434 poenam
1104 2341 1272 2407 statuens
1292 2357 1369 2408 non
1389 2339 1556 2423 mortem,

166 2466 208 2530 ut
225 2455 348 2532 Draco
368 2454 474 2548 feeit,
504 2455 570 2532 sed
589 2455 799 2549 infamiam,
828 2457 859 2531 si
884 2457 966 2557 quis
986 2468 1043 2531 ter
1061 2454 1393 2551 condemnaretur}
1421 2450 1479 2532 'sin
1499 2450 1555 2533 se·

166 2580 239 2656 mel
258 2577 436 2657 mulctam
455 2588 605 2656 centum
625 2579 897 2657 drachmarum.

273 2722 496 2825 Plutarchus
515 2749 662 2825 quoque
693 2722 781 2799 dicit
811 2723 870 2816 (in
890 2725 966 2799 vita
988 2723 1137 2801 Solonis
1160 2721 1228 2818 17)
1249 2724 1396 2823 legibus
1415 2704 1554 2836 Draco

165 2849 224 2924 nis
245 2822 416 2923 omnibus
436 2848 513 2925 fere
532 2847 672 2926 delictis
691 2849 888 2951 capitalem
909 2875 1071 2952 poenam
1091 2846 1203 2926 fuisse
1224 2849 1461 2929 constitutam
1475 2850 1556 2975 ,666
1660 2839 1662 2844 ’

165 2985 206 3072 ιιι
224 2985 344 3050 morte
364 2974 475 3050 etiam
496 2975 776 3069 mulctarentur,
786 3002 850 3078 qur
870 2975 934 3052 otii
956 2975 1121 3052 damnati
1143 2986 1339 3055 essent—
1360 2973 1424 3055 Ait
1442 3003 1554 3078 porro

166 3096 281 3195 (31.,)
302 3099 401 3199 quod
419 3096 542 3200 legem
561 3100 607 3179 de
627 3103 776 3196 oti0,s1
766 3101 1098 3204 Theophrastum
1118 3100 1310 3197 audimus,
1331 3127 1407 3180 non
1427 3099 1554 3231 Solqtq

164 3222 229 3301 sed
249 3222 495 3303 Pisistratust
479 3226 699 3328 tuleritqua
718 3239 755 3304 et
773 3253 904 3328 agrum
924 3227 995 3304 coli
1015 3223 1228 3328 diligentius
1246 3237 1283 3304 et
1302 3218 1433 3304 urbem
1453 3236 1553 3347 tran-¹

164 3317 479 3452 quillioremt
392 3349 487 3427 fecit.

270 3491 484 3571 Secundum
505 3495 737 3574 Herodotum
756 3498 825 3591 (ΙΙ,
848 3497 945 3592 177)
966 3493 1113 3595 Amasis
1138 3498 1259 3596 legem
1278 3494 1377 3575 illam
1397 3495 1552 3613 Aegyp

163 3618 224 3696 tiis
243 3619 454 3714 constituit,
420 3631 525 3696 tut
543 3620 699 3721 quisque
718 3622 920 3724 quotannis
939 3622 1195 3731 profiteretur
1216 3620 1315 3698 unde
1336 3622 1452 3699 vitam
1471 3648 1551 3732 sus·

163 3753 300 3823 tentet:
318 3745 392 3845 qui
421 3744 492 3824 hoc
522 3771 596 3821 non
624 3745 763 3825 faceret
783 3758 820 3823 et
838 3749 1046 3858 legitimum
1074 3747 1214 3825 victum
1239 3774 1316 3824 non
1336 3746 1551 3873 declararet

161 3869 193 3946 is
212 3881 329 3952 morte
350 3870 588 3971 plecteretur.
626 3872 748 3966 Quam
776 3871 901 3972 legem
930 3872 1046 3951 Solon
1072 3874 1119 3949 ab
1141 3850 1339 3975 Aegyptiis
1359 3883 1552 3988 acceptam

164 3993 452 4080 Atheniensibus
470 3997 574 4094 tulit,
604 3999 667 4100 qui
685 4010 867 4102 perpetuo
887 4026 933 4078 ea
946 4027 975 4078 u
976 4009 1114 4076 t.untur
1540 4062 1556 4132 {a

269 4136 387 4215 Simili
407 4139 518 4217 modo
538 4141 666 4219 scribit
684 4142 883 4239 Diodorus,
894 4142 1042 4233 Siculus
1061 4145 1111 4238 (1,
1134 4141 1225 4237 77):
1254 4139 1453 4246 Aegyptiis
1470 4142 1550 4235 ursi,

161 4265 278 4347 versis
296 4264 507 4367 injunctum
526 4279 624 4362 erat,
643 4279 696 4345 -ut
722 4269 876 4345 nomina
891 4268 995 4372 apud
1012 4269 1252 4368 magistratus
1273 4269 1549 4370 profiterentur,

158 4389 368 4469 indicantes
387 4391 497 4470 simul
516 4419 591 4494 quo
610 4404 796 4495 proventu
815 4407 853 4475 et
871 4398 969 4475 vitae
988 4421 1127 4497 genere
1145 4395 1284 4479 victum
1303 4397 1380 4505 sibi,
1394 4398 1549 4501 quisque

160 4527 403 4616 compararet
439 4516 619 4595 Mentitus
638 4530 702 4597 ιιιι
720 4519 898 4622 injustum
926 4523 1074 4623 agitans
1095 4532 1290 4623 quaestum
1310 4523 1438 4605 mortis
1458 4549 1548 4625 poa-

160 4666 245 4717 nam
263 4642 489 4722 incurrebat.
463 4643 652 4738 tQuam
677 4644 809 4745 legem
830 4645 947 4726 Solon
970 4675 994 4727 ι
1011 4648 1316 4751 peregnnatrone
1333 4649 1375 4727 in
1393 4647 1547 4803 Aegyp.

159 4777 236 4845 tum
256 4763 426 4847 Athenas
445 4768 653 4849 tradtuisse
670 4771 798 4850 lemur.

268 4910 553 4989 Athenaeus
580 4913 646 5009 IV,
674 4914 771 4990 168;
801 4916 1064 4994 Menedemum
1086 4926 1125 4994 et
1143 4917 1406 5023 Asclepiadem
1425 4919 1546 5020 philo·¹

160 5036 318 5137 sophos,
350 5062 434 5111 cum
456 5038 615 5138 juvenes
644 5054 768 5120 assent
796 5054 835 5119 et
861 5069 1065 5145 pauperes,
1093 5045 1235 5122 accitos
1261 5045 1548 5145 interrogabant

158 5158 429 5264 Areopagitae,
458 5191 531 5270 quo
550 5178 679 5271 pacto,
709 5194 795 5251 cum
813 5168 892 5252 dies
912 5179 1008 5251 totos
1032 5171 1139 5250 otiosi
1169 5169 1403 5274 philosophis
1431 5197 1545 5252 nava·
