3404 5782
145 377 231 482 ’999
698 422 988 483 snsruamcuu.

799 618 888 699 919.

259 741 408 844 Census
428 759 502 867 'par
529 765 747 868 symmonias
774 764 983 864 descriptos
1011 788 1095 841 eum
1122 762 1262 866 populo
1289 762 1540 841 mutationem

155 888 326 968 addendo
346 893 406 970 vel
426 891 655 969 detrahendo
684 915 836 992 poscere
866 888 987 967 visum
1011 890 1121 966 fuerit
1137 890 1280 990 virique
1300 890 1537 988 deligantur,

156 1017 219 1116 qui
237 1017 308 1093 hoe
325 1017 541 1118 perficiant,
570 1014 607 1092 id
635 1015 863 1092 recensio
892 1035 1054 1092 vocatur.

754 1295 937 1390 Μίροςη’.

575 1423 705 1514 Περί
742 1418 1110 1516 λειτουργιῶν.

666 1799 728 1868 De
751 1801 1020 1869 muneribus.

801 1986 890 2062 917.

263 2125 308 2197 Oi
327 2131 414 2198 κατ’
435 2103 614 2202 ἐνιαυνὸν
633 2123 700 2212 τὰς
718 2129 951 2229 ἐγκυκλίους
969 2127 1204 2227 λειτουργίας
1222 2122 1537 2228 λειτουργοῦντες

156 2248 254 2322 εἰσιν
270 2255 434 2353 χορηγοὶ
454 2255 524 2325 καί
544 2255 827 2355 γυμνασίαρχοι
852 2255 921 2324 καί
943 2246 1159 2348 ἑστιάτορες.

811 2376 1022 2471 (Demosth.
1041 2376 1125 2453 adv.
1145 2377 1293 2479 Leptin.
1314 2377 1427 2471 463.)

799 2529 888 2615 917.

259 2679 332 2772 Qui
361 2707 517 2758 munera
554 2680 753 2783 quotannis
782 2681 821 2755 in
851 2681 981 2757 orbern
1009 2679 1204 2757 redeuntia
1237 2655 1390 2778 curant,
1429 2693 1536 2758 sunt:

152 2803 322 2904 choragi‚
350 2807 658 2909 gymnasiarehae
680 2817 718 2882 et
736 2805 907 2880 convivia
927 2806 1159 2904 praebentes.

800 2968 889 3043 918.

231 3097 304 3218 ⁴⁸⁰
320 3113 552 3205 κεκτημένος
576 3106 748 3212 μεγάλην
777 3101 919 3183 οὐσίαν
948 3103 1209 3210 ἀναγκάζεται
1238 3112 1476 3213 λειτουργεῖν
1495 3115 1536 3185 ἐν

151 3232 206 3330 τῷ
226 3228 342 3331 δήμῳ.
730 3239 880 3332 (Isaeus
900 3236 946 3312 de
965 3236 1100 3335 Pyrrhi
1120 3237 1268 3313 haered.
1289 3234 1321 3338 §.
1343 3237 1426 3332 80.)

796 3398 884 3474 918.

258 3539 331 3634 Qui
359 3565 534 3639 magnam
562 3540 676 3620 habet
703 3543 950 3620 substantiam
978 3541 1105 3618 munia
1131 3566 1313 3642 peragere
1338 3538 1477 3618 debeat
1497 3540 1534 3619 in

151 3692 250 3768 pago
269 3692 345 3742 suu.

797 3774 885 3851 919.

261 3910 361 3998 Totis
381 3910 581 4012 ὀρφανούς
594 3907 613 4005 ἦ
626 3912 732 3999 πόλις
752 3912 798 3990 οὐ
815 3913 945 4013 μόνον
964 3912 1101 4003 παῖδας
1120 3908 1236 4003 ὄντας
1255 3908 1400 4005 ἀτελεῒς
1420 3927 1531 4009 ποιεῖ,

152 4035 248 4113 ἀλλά
268 4044 337 4112 καί
366 4037 521 4115 ἐπειδᾶν
550 4038 867 4136 δοκιμασθῶσιν,
897 4038 1076 4115 ἐνιαυτὸν
1094 4038 1256 4135 ἀφίησιν
1275 4036 1438 4120 ἁπασῶν
1456 4045 1532 4122 τῶν

151 4164 405 4269 λειτουργιῶν.
854 4159 1057 4272 (Lysiasc.
1076 4171 1267 4270 Diogiton.
1285 4168 1320 4273 ξ.
1341 4173 1424 4267 24.)

795 4330 883 4407 919.

258 4473 424 4573 Pupillos
450 4473 662 4577 respublica
689 4501 766 4550 non
794 4474 914 4550 solum
933 4475 1055 4576 quoad
1074 4478 1181 4578 pueri
1199 4490 1305 4575 sunt,
1335 4481 1531 4558 sedetiam

151 4610 346 4698 postquam
369 4602 449 4701 jam
479 4602 547 4676 viri
576 4601 713 4677 fuerint
739 4600 847 4694 faeti,
883 4626 951 4702 per
979 4624 1118 4678 annum
1144 4604 1332 4704 integrum
1359 4609 1408 4685 ab
1433 4612 1531 4686 omni

149 4724 298 4825 publico
317 4751 470 4804 munere
489 4726 672 4803 irnrnunes
693 4753 773 4804 esse
792 4728 882 4804 vult.

793 4889 882 4964 920.

253 5022 462 5103 Ἐνιαυτὸν
491 5025 677 5102 διαλιπών
705 5034 865 5116 ἕκαστος
893 5033 1103 5136 λειεουργεῖ
1118 5059 1125 5074 ·
1166 5027 1261 5108 ὥστε
1287 5030 1362 5110 ιόν
1388 5027 1530 5135 ἥμισύν

150 5159 224 5229 ἐστ’
243 5147 373 5248 ἀτελὴς
390 5151 462 5229 τοῦ
476 5149 636 5253 χρόνον.
807 5159 1017 5252 (Demosth.
1038 5162 1122 5239 adv.
1143 5161 1288 5263 Leptin.
1310 5166 1422 5259 459.)
