3436 5790
621 379 935 444 commendamus
952 386 1007 437 ao
1027 375 1090 437 tet.
1477 356 1555 441 bib.

159 563 241 655 rimi
258 606 375 664 τινος.
414 578 592 672 (Actione
621 579 668 656 de
687 578 724 653 vi
743 575 917 655 utebatur
936 577 1047 652 etiam
1067 575 1247 669 creditor,
1277 578 1339 678 qui
1358 603 1474 678 quum
1491 602 1554 658 co·

160 721 313 784 narctur
333 707 433 782 bona
452 703 632 781 debitoris
651 704 831 795 retinere,
859 700 907 778 ab
926 699 1050 800 aliquo
1069 702 1376 804 impediebatur.)

752 964 828 1048 Ad
848 966 966 1050 ⁷0⁷.

266 1171 399 1252 Suidas
419 1200 447 1248 s.
467 1197 502 1249 v.
517 1163 701 1260 Ἐξούλης
712 1196 724 1238 .·
753 1168 862 1246 Actio
882 1168 929 1248 de
948 1168 986 1244 vi
1004 1167 1128 1246 locum
1147 1167 1325 1261 habebat,
1344 1192 1428 1245 cum
1446 1193 1467 1244 e
1486 1169 1549 1246 de·

159 1301 292 1378 bituris
318 1299 428 1377 bonis
458 1296 609 1400 expulsi
627 1305 771 1389 essent,
798 1293 861 1397 qui
876 1294 1019 1394 judicio
1040 1295 1219 1373 vicerant.
1258 1296 1352 1371 Item
1371 1292 1551 1372 adversus

164 1425 374 1520 debitores,
403 1423 466 1524 qui
485 1447 598 1500 causa
617 1420 838 1498 ceciderant.

269 1566 326 1646 Of.
346 1564 470 1647 Schob
488 1565 528 1642 in
545 1562 743 1643 Demosth.
762 1563 916 1641 Midian.
938 1564 1027 1662 528,
1039 1564 1103 1661 22,
1123 1578 1160 1642 et
1180 1565 1344 1660 otum.
1369 1563 1556 1667 Apostolii

164 1692 346 1772 Proverb.
365 1690 470 1788 XVI,
491 1691 555 1770 47.

268 1834 482 1913 Secundum
500 1833 670 1911 Platonis
688 1832 850 1932 Leges
866 1832 978 1928 (958,
997 1830 1139 1925 A-B)
1165 1832 1339 1934 judicans
1356 1835 1554 1936 magistra·

163 1974 223 2039 tus
242 1961 413 2041 &munti
429 1958 531 2036 bona
558 1957 685 2035 omnic
709 1968 859 2059 praeter
886 1957 1115 2036 necessarias
1142 1959 1401 2059 possessiones
1426 1964 1556 2039 statim

162 2088 241 2166 lata
258 2085 445 2166 sententia
463 2083 593 2160 meteri
611 2104 681 2185 per
699 2106 926 2184 praeconem
945 2084 1139 2161 attribuito
1167 2083 1404 2163 audientibus
1418 2086 1554 2189 judici·

161 2214 253 2312 bus3
280 2232 408 2290 mense
430 2236 518 2286 vero
536 2235 563 2284 a·
571 2207 740 2309 judiciali
759 2233 907 2311 quoque
925 2208 1120 2310 proximo,
1150 2210 1181 2285 si
1201 2210 1471 2290 condemnatus
1489 2239 1555 2289 no·

161 2338 272 2416 luerit
290 2363 373 2414 cum
391 2335 541 2411 volente
562 2333 703 2409 victore
722 2332 880 2434 pacisci,
899 2333 1158 2432 magistratus,
1186 2335 1251 2434 qui
1263 2334 1466 2435 judicavit,
1494 2362 1555 2415 co·

162 2467 299 2542 mitans
327 2464 505 2539 victorem
535 2459 774 2537 condemnati
802 2458 903 2536 bona
922 2459 957 2534 ei
975 2460 1122 2537 tradito.
1161 2460 1227 2536 Sin
1248 2472 1373 2539 autem
1391 2488 1470 2539 non
1488 2464 1554 2540 ha·

162 2590 254 2668 bent
280 2588 380 2665 unde
409 2588 577 2677 solvant,
614 2610 685 2662 nee
714 2585 841 2662 minus
862 2583 1042 2662 drachma
1070 2585 1197 2681 deest,
1226 2587 1312 2663 huic
1339 2586 1378 2662 in
1407 2588 1554 2665 nullum

161 2715 391 2797 alium-actio
410 2713 540 2807 detur,
568 2711 786 2814 priusquam
813 2710 982 2788 debitum
1010 2737 1121 2789 omne
1148 2712 1371 2815 persolverit
1396 2714 1550 2812 victori,

162 2843 245 2919 aliis
263 2866 354 2917 vero
372 2841 410 2917 in
430 2840 530 2915 hunc
549 2850 658 2914 sunto
677 2837 842 2916 actiones
861 2848 975 2914 ratae.

270 2983 384 3087 Apud
411 2983 607 3072 Romanoa
631 2980 688 3059 sio
711 2992 820 3059 erant
848 2981 965 3058 verba
992 2981 1113 3080 legis:
1151 2979 1296 3058 Aeris
1324 2985 1554 3062 confessi

163 3110 415 3209 rebusque
443 3110 554 3210 jure
588 3104 837 3208 judicatis
864 3106 1082 3204 triginta
1109 3106 1216 3183 dies
1239 3109 1368 3210 justi
1395 3122 1554 3189 sunto.

164 3237 283 3314 Post
307 3233 485 3311 deinde
513 3257 681 3309 manus
709 3232 923 3334 injectio
952 3242 1075 3329 esto,
1104 3233 1257 3333 injus
1285 3234 1467 3314 ducito.
1497 3239 1555 3316 Ni

161 3360 443 3462 judicatum
470 3358 597 3435 facit
623 3367 706 3434 aut
735 3356 846 3457 quis
871 3356 999 3436 endo
1028 3357 1089 3452 (id
1116 3369 1190 3436 est:
1218 3361 1288 3452 in)
1316 3363 1555 3465 eum'jure

165 3485 402 3579 vindieit,
428 3509 592 3560 secum
611 3481 801 3579 ducito,
829 3483 1028 3560 vincito
1051 3495 1134 3560 aut
1159 3509 1311 3561 nervo
1335 3498 1554 3566 autoom·

165 3610 387 3713 pedibus.
426 3607 722 3703 Quindecim
749 3608 914 3708 pondo
941 3632 998 3685 ne
1027 3608 1213 3685 minore
1243 3620 1325 3686 aut
1352 3611 1392 3686 si
1421 3611 1554 3690 volet

165 3738 350 3839 majore
379 3734 582 3812 vincito.
627 3732 679 3812 si
707 3734 844 3810 votet
870 3756 956 3811 suo
983 3735 1156 3812 vivito.
1203 3735 1262 3813 Ni
1289 3760 1376 3812 suo
1402 3739 1553 3836 vivit,

165 3863 377 3964 quicum
405 3861 625 3936 vinetum
662 3858 888 3955 habebit,
925 3859 1085 3936 libras
1112 3860 1266 3938 farris
1294 3860 1419 3938 endo
1448 3863 1552 3940 dies

165 3988 291 4066 dato.
320 3986 369 4062 Si
395 3987 532 4062 volet
558 3984 666 4087 plus
694 3983 819 4062 data
848 3979 1082 4061 Erttautem
1095 3985 1158 4087 jus
1178 3986 1321 4061 interea
1339 3987 1554 4088 paciscendi

165 4140 210 4192 ao
228 4113 299 4190 nisi
318 4112 419 4215 pacti
438 4112 563 4189 forent
591 4110 830 4189 habebantur
857 4111 898 4187 in
924 4110 1081 4191 sindulis
1111 4109 1190 4188 dies
1209 4112 1416 4212 sexaginta
1450 4116 1556 4192 Inter

165 4267 229 4317 eos
249 4239 329 4317 dies
347 4238 454 4317 trinis
471 4236 650 4315 nundinis
678 4237 864 4315 continuis
892 4237 941 4314 ad
969 4247 1181 4339 praetorem
1199 4238 1239 4315 in
1258 4239 1450 4317 comitium
1468 4262 1553 4342 pro·

165 4365 417 4459 ducebantur,
437 4374 696 4465 quantaequae
715 4361 897 4464 pecuniae
910 4360 1068 4463 judicati
1088 4374 1231 4457 essent,
1259 4363 1554 4464 praedicabatur.

164 4491 304 4570 Tertiis
329 4499 456 4566 autem
483 4485 661 4565 nundinis
687 4488 812 4588 capite
840 4510 982 4588 poenas
1010 4486 1152 4566 dabant
1180 4497 1244 4564 aut
1261 4496 1366 4567 trans
1385 4489 1555 4570 Tiberim

164 4641 323 4718 peregre
342 4639 483 4690 venum
500 4612 619 4688 ibant.
658 4609 733 4688 Sed
762 4636 846 4687 enm
873 4608 1005 4713 capitis
1033 4636 1196 4713 poenam
1224 4613 1450 4694 sanciendae
1468 4617 1555 4695 fidei

164 4742 287 4842 gratia
311 4739 524 4817 horrificam
550 4736 756 4816 atrocitatis
784 4747 934 4814 ostentu
963 4736 1147 4837 novisque
1166 4738 1368 4817 terroribus
1386 4753 1553 4821 metuen-

164 4866 255 4943 dam
269 4864 522 4943 reddiderunt
560 4864 659 4943 Nam
676 4862 709 4942 si
727 4862 854 4965 plures
874 4864 1016 4960 forent,
1036 4862 1173 4964 quibus
1191 4890 1276 4940 reus
1295 4877 1395 4943 esset
1406 4865 1552 4966 judica-

164 5005 244 5090 tus,
274 5017 422 5085 secare,
449 4991 481 5066 si
501 4990 662 5084 vellent,
690 5000 803 5091 atque
831 4990 961 5092 partiri
992 5016 1128 5094 corpus
1145 4990 1284 5069 addicti
1302 4990 1374 5067 sibi
1394 4991 1553 5072 hominis

165 5118 424 5219 permiserunt.
464 5115 513 5191 Et
538 5115 691 5214 quidem
718 5115 836 5195 verba
862 5115 946 5218 ipsa
973 5115 1067 5218 legis
1086 5117 1229 5197 dicam:
1259 5117 1470 5214 Tertiis,
1497 5120 1553 5196 in·

1275 5242 1341 5308 33*
