3436 5790
751 384 801 434 DE
819 383 960 434 sauvis.
1169 346 1173 352 ¹
1465 354 1543 430 877

800 574 912 649 1464.

265 713 445 812 Βόθρους
474 712 511 788 δὲ
541 720 609 787 καί
639 711 808 811 τάφρους
836 711 907 788 τόν
935 713 1179 813 βουλόμενον
1210 710 1408 812 ὀρύσσειν,
1448 706 1544 786 ὅσον

160 839 333 941 ἐμβάλλει
354 839 483 939 βάθος
503 838 560 915 δεῖ
578 837 818 933 ἀφίστασθαι
834 839 962 937 μῆκος
980 838 1218 938 τάλλοτρίου.
1257 842 1333 913 Καὶ
1349 835 1543 936 μελισσῶν

162 966 281 1066 σμήνη
301 964 593 1064 καθιστάμενον
612 962 771 1063 άπίχειν
789 964 867 1041 τῶν
890 957 962 1061 εἶφ’
983 972 1109 1064 ἑτέρου
1129 963 1314 1064 πρότερον
1333 963 1544 1062 ἱδρυμένων

161 1091 277 1183 πόδας
296 1096 552 1193 τριακοσίους.
739 1097 948 1193 (Plutarch.
969 1094 1043 1173 Sol.
1063 1094 1125 1173 23.
1154 1095 1234 1174 Lex
1254 1093 1436 1187 Solonis.)

797 1261 910 1336 1464.

265 1421 425 1500 scrobes
445 1432 482 1497 et
501 1420 622 1498 fossae
643 1433 766 1496 autem
784 1423 837 1497 ita
855 1420 1108 1517 demittantur,
1130 1434 1170 1497 ut
1188 1431 1328 1521 quanta
1347 1421 1394 1497 sit
1414 1442 1543 1493 earum

161 1547 336 1641 altitudo,
364 1558 509 1625 tantum
539 1548 588 1623 ab
617 1546 737 1624 alieno
766 1548 914 1625 distent.
952 1550 1000 1625 Et
1026 1550 1088 1650 qui
1107 1549 1233 1624 alveos
1252 1547 1376 1648 apium
1396 1541 1541 1638 condit,

160 1672 230 1749 isa
249 1675 352 1774 prius
371 1673 559 1749 collocatis
579 1673 729 1749 alterius
748 1673 864 1775 pedes
884 1684 1068 1751 trecentos
1087 1673 1264 1750 discedat.

792 1834 905 1911 1465.

260 1971 357 2050 Ἐάν
384 2005 438 2061 τις
468 1977 653 2075 αἱμασίαν
683 1983 769 2074 παρ’
798 1971 990 2075 ἀλλοτρίῳ
1012 1981 1147 2074 χωρίῳ
1178 1971 1323 2078 όρόγῃ,
1354 1971 1425 2049 τόν
1448 1969 1542 2072 όρον

157 2096 207 2196 μή
229 2102 503 2200 παραβαίνειν·
533 2099 603 2177 ἐάν
628 2107 796 2198 τειχίον,
823 2100 924 2177 πόδα
953 2098 1197 2179 ἀπολείπειν·
1226 2099 1295 2177 ε’άν
1316 2100 1353 2175 δὲ
1376 2101 1541 2200 οἴκημα,

162 2222 230 2300 δύο
250 2224 389 2313 πόδας·
418 2224 487 2303 ἐάν
507 2225 544 2301 δι’
565 2233 707 2325 φρίαρ,
736 2224 909 2331 ὀργυιάν.

445 2356 583 2458 (Gajus
603 2358 644 2433 L.
665 2356 730 2434 IV.
750 2357 796 2433 ad
815 2359 887 2456 leg.
908 2358 993 2435 ΧΠ.
1014 2357 1126 2434 tabul.
1158 2358 1237 2433 Lex
1257 2355 1436 2445 Solonis.)

791 2519 906 2596 1465.

266 2659 305 2735 Si
324 2663 407 2759 quia
426 2689 554 2765 sepem
573 2663 621 2740 ad
649 2665 812 2740 alienum
841 2664 1035 2765 praedium
1062 2664 1207 2741 fodiens
1227 2663 1358 2757 ducat,
1388 2665 1543 2740 limitem

161 2792 206 2844 ne
226 2770 416 2867 excedit03
444 2774 662 2866 simarum,
691 2773 797 2874 pedis
818 2774 946 2870 uniuS,
975 2773 1005 2849 si
1027 2772 1197 2867 domum,
1218 2769 1375 2849 duorum
1393 2770 1541 2873 pedum,

163 2895 190 2970 si
210 2905 383 2995 puteum,
412 2923 549 3001 orgyae
569 2898 806 2979 intervallum
824 2898 1031 3003 relinquite

743 3238 882 3338 Τμῆμα
909 3239 962 3343 γ’.

629 3381 1079 3483 Περὶδοάλωκ

813 3546 929 3561 nannum

756 3657 879 3736 Sectio
912 3658 947 3735 3.

682 3806 758 3880 De
803 3804 1018 3881 servia

793 4000 907 4079 1466.

270 4126 358 4207 Τοῖς
378 4117 531 4209 δούλοις
549 4129 688 4213 ἐξεῖναι
718 4120 879 4212 ἑαυτούς
906 4125 1183 4223 ἐλευθερῶσαι,
1213 4122 1402 4231 άρμόριον
1418 4161 1542 4208 κατα-

115 4260 118 4275 '
160 4242 352 4342 βαλόντος
371 4246 425 4346 τῴ
445 4243 616 4344 δεσπότῃ.
903 4254 995 4349 [Dio
1014 4253 1204 4356 Chrysost.
1225 4282 1333 4335 serm.
1356 4259 1437 4353 15.)

799 4414 912 4493 1466.

266 4536 374 4613 Servi
396 4539 459 4641 jus
488 4540 654 4619 habeant
679 4540 926 4623 vindiaandae
960 4543 1143 4623 libertatis
1170 4557 1366 4627 numerata
1393 4549 1543 4631 domino

160 4686 327 4763 pecunia.

268 4895 313 4969 Oi
333 4894 501 5001 φυγάδες
521 4900 599 4975 τῶν
619 4896 770 4977 δούλων
789 4904 986 4994 στίζονται
1006 4898 1049 4976 τό
1065 4907 1265 5001 μέτωπον,
1296 4899 1319 4980 ὅ
1337 4912 1440 4983 ἐστιν
1458 4914 1541 4984 ε’·πι-

160 5017 396 5121 γράφονται·
427 5021 594 5125 „advexe
605 5054 675 5125 με·
706 5025 874 5131 φεύγιοίί.

502 5151 647 5247 (Schol.
666 5154 706 5231 in
725 5151 898 5234 Aeschin.
918 5155 1081 5239 demate
1101 5168 1195 5265 gest
1215 5158 1327 5265 legat.
1348 5160 1435 5265 79.)
