3436 5790
502 465 811 528 commandamus
834 463 885 514 nn
906 458 986 514 1131.
1007 459 1086 513 11³2.
1407 437 1484 513 563

92 649 186 727 litor.
226 649 264 728 Si
285 678 374 729 vero
394 655 533 752 fugerit
564 670 602 730 et
624 654 806 756 judicium
835 654 958 730 subire
987 655 1167 745 noluerit,
1195 654 1485 754 inperpetuum

92 773 177 851 exul
196 789 286 853 esto.
325 776 364 854 si
384 780 466 879 quis
487 793 608 855 autern
627 780 791 880 aliquam
810 779 974 878 regionis
993 779 1107 854 occisi
1127 790 1272 879 partem
1292 780 1484 875 ingressus

92 897 222 993 fuerit,
251 903 314 1000 qui
339 904 482 1004 primus
501 928 521 979 e
540 906 675 980 mortui
696 903 919 1006 propinguis
939 904 1000 979 vel
1020 905 1133 980 etiam
1152 927 1172 978 e
1192 902 1337 980 civibus
1357 927 1483 979 occur·

91 1027 199 1118 rerit,
228 1027 379 1127 impune
399 1030 556 1106 occidito
576 1031 638 1107 vel
657 1031 825 1106 vinctum
844 1028 1123 1128 magistratibus
1144 1028 1391 1104 occidendam
1410 1039 1484 1103 tra·

92 1148 182 1225 dito.
220 1149 427 1229 Accusator
445 1165 569 1229 autem
588 1154 697 1229 simul
726 1150 841 1229 vades
869 1153 1060 1253 postulato
1079 1153 1127 1227 ab
1148 1178 1212 1244 eo,
1247 1178 1358 1253 quem
1378 1176 1484 1227 accu-

92 1287 169 1366 sat,
197 1302 289 1375 quos
306 1276 376 1353 iste
396 1278 576 1376 praebeto
604 1281 808 1380 locupletes
837 1303 992 1355 numero
1022 1290 1117 1370 tres,
1147 1278 1210 1376 qui
1230 1279 1360 1355 sistere
1379 1278 1485 1354 illum

97 1400 135 1475 in
148 1400 329 1500 judicium
349 1403 590 1502 promittant,
618 1406 676 1480 sin
697 1404 785 1480 dare
805 1431 881 1480 non
901 1405 981 1480 vult
1000 1403 1068 1478 vel
1080 1403 1226 1503 nequit,
1247 1403 1486 1503 magistratus

92 1526 265 1602 traditum
284 1527 356 1603 sibi
375 1529 543 1605 vinciant
573 1529 814 1630 vinctumque
842 1531 1058 1607 custodiant
1078 1538 1114 1606 et
1135 1530 1173 1604 in
1194 1553 1327 1658 capsae
1343 1524 1485 1623 judica-

92 1653 230 1729 tionem
249 1654 391 1729 sistant.

199 1776 312 1878 Apud
324 1777 642 1857 Lacedaemonios
661 1781 845 1857 infantem
862 1780 934 1856 sibi
953 1791 1083 1857 natum
1099 1779 1240 1857 nutrire
1255 1805 1332 1856 non
1348 1789 1429 1855 erat
1444 1777 1484 1853 in

93 1901 208 2001 patris
219 1913 416 2005 potestate,
436 1905 502 1981 sed
518 1933 603 1982 sum
621 1906 792 2007 portabat
809 1907 848 1981 in
867 1906 1000 2001 locum,
1022 1906 1080 1982 cui
1092 1905 1235 1981 Lesche
1251 1929 1387 1983 nomen
1406 1914 1483 1979 est:

93 2028 146 2104 ibi
164 2025 334 2108 sedentes
353 2031 544 2110 tribulium
563 2044 684 2109 aetate
704 2033 1000 2133 promptissimi,
1019 2031 1198 2109 infantem
1218 2030 1486 2134 explorabant,

94 2153 207 2253 quisi
227 2156 324 2233 bene
344 2169 539 2259 compacto
559 2171 597 2236 et
616 2160 723 2235 firmo
743 2172 842 2236 esset
860 2184 1039 2259 corpore,
1060 2159 1110 2235 ali
1124 2158 1329 2259 jubebant,
1349 2168 1487 2233 sortem

93 2279 147 2356 illi
166 2306 185 2355 e
204 2306 343 2358 novem
360 2282 522 2359 millibus
551 2310 665 2360 unam
692 2284 941 2378 destinantem
968 2285 1027 2359 sin
1046 2296 1171 2360 autem
1190 2285 1356 2382 degener
1376 2291 1487 2382 atque

94 2405 268 2482 deformis
295 2407 501 2502 videretur,
531 2409 729 2485 mittebant
759 2410 919 2485 eumad
951 2407 1182 2509 Apothetas,
1212 2409 1276 2508 qui
1302 2408 1408 2484 locus
1431 2416 1488 2483 est

94 2531 321 2631 praecipitiis
341 2534 582 2611 circumcisus
595 2535 704 2635 juxta
722 2534 949 2635 Taygetum,
970 2534 1019 2610 ab
1038 2534 1270 2634 expositione
1290 2533 1487 2611 infantium

94 2659 146 2733 ita
165 2668 426 2758 nuncupatus,
456 2659 629 2734 nimirum
653 2658 753 2759 quod
772 2684 893 2761 neque
913 2659 985 2759 ipsi
1005 2684 1126 2758 neque
1148 2657 1230 2733 urbi
1250 2655 1486 2749 conduceret,

94 2780 131 2855 id
152 2783 229 2857 vita
248 2783 338 2873 frui,
368 2784 427 2857 cui
456 2783 560 2857 initio
590 2782 758 2885 corporis
771 2783 918 2858 'bonam
937 2783 1195 2860 habitudinem
1213 2782 1401 2882 roburque
1421 2807 1486 2856 na-

94 2920 178 2983 tura
196 2920 380 3007 negasset.
411 2909 686 3002 (Plutarch.
706 2911 864 3012 Lycurg.
887 2910 973 3003 16.)

205 3031 314 3133 Apud
334 3032 539 3110 Thebanos
567 3035 630 3136 qui
658 3035 838 3112 infantem
863 3035 1096 3134 exposuisset
1113 3034 1175 3110 vel
1193 3034 1233 3111 in
1250 3034 1488 3115 solitudinem

96 3158 309 3260 abjecisset,
329 3159 461 3259 capitis
480 3160 664 3260 supplicio
683 3159 822 3237 luebat.
852 3158 994 3235 Verum
1013 3159 1044 3234 si
1064 3171 1231 3237 extrema
1249 3161 1487 3241 mendicitate

95 3296 202 3385 pater
221 3282 447 3377 laborasset,
477 3286 555 3360 sive
586 3311 666 3359 mas
696 3295 794 3361 esset
818 3285 896 3358 sive
919 3284 1057 3360 femina
1074 3286 1220 3379 infans,
1244 3286 1407 3386 jubebat
1426 3289 1487 3365 len

96 3435 179 3483 eum
199 3411 324 3484 statim
344 3435 367 3484 a
384 3420 556 3486 materno
575 3423 687 3510 partu
707 3409 754 3487 ad
774 3412 1032 3507 magistratum
1061 3435 1147 3486 cum
1171 3413 1260 3511 ipsis
1280 3412 1403 3488 fasciis
1422 3411 1486 3488 ad·

97 3536 215 3628 ferre,
237 3537 298 3632 qui
318 3547 514 3636 acceptum
533 3536 643 3612 alicui
662 3535 812 3611 tradidit
830 3536 903 3611 levi
923 3538 1066 3637 pretio,
1095 3549 1136 3611 ut
1154 3537 1256 3613 bona
1276 3536 1348 3613 lide
1369 3535 1487 3611 infan-

96 3671 172 3735 tem
202 3661 319 3737 aleret
347 3674 384 3735 et
413 3659 581 3736 adultum
608 3661 706 3738 servi
730 3660 791 3736 vel
809 3687 942 3738 servae
961 3661 1043 3738 loco
1064 3661 1240 3754 haberet,
1270 3663 1323 3739 sic
1350 3674 1392 3738 ut
1419 3685 1488 3762 pro

97 3784 327 3863 educationis
346 3785 517 3862 mercede
537 3811 670 3887 operas
691 3787 771 3886 ejus
789 3788 988 3888 acciperet.
1019 3786 1103 3880 (Ae
1117 3788 1228 3862 lian.
1249 3785 1365 3864 Var..
1379 3786 1487 3862 hist.

96 3910 229 4004 nr.)
678 4015 910 4101 sauss.

203 4180 502 4285 Apollodori
531 4182 765 4261 biblioth.
795 4182 902 4279 11,1,
923 4185 967 4258 9:
998 4182 1179 4261 Hercules
1207 4183 1330 4280 legem
1354 4182 1488 4258 recitas

97 4306 151 4379 vit
167 4303 460 4402 Rhadamanthi,
492 4309 554 4409 qui
582 4333 687 4403 aum,
718 4310 781 4410 qui
800 4310 945 4411 injustis
964 4307 1137 4385 manibus
1156 4309 1329 4409 injuriam
1348 4308 1487 4384 inferre

97 4443 297 4508 conantem
324 4433 523 4533 repulerit,
552 4433 739 4510 insontem
767 4460 849 4511 esse
879 4434 982 4510 dixit.
1021 4421 1116 4528 (Ὃς
1136 4423 1188 4505 ἂν
1207 4426 1398 4527 ἀμύνηται
1416 4426 1488 4507 τὸν

90 4551 237 4653 χειρῶν
257 4549 409 4628 ἀδίκων
428 4547 617 4653 ἄρξαντα,
647 4550 786 4630 ἀθῶον
804 4553 937 4651 εἶναι.)
1421 4574 1425 4582 ·

205 4681 470 4783 Antiphon.
500 4682 755 4782 Tetralog.
786 4685 859 4776 ΙΙΙ,
888 4685 924 4778 4,
954 4685 998 4757 7:
1037 4684 1296 4785 Inceptoribus
1324 4687 1488 4763 rixarum

94 4809 200 4908 leges
228 4808 365 4907 ubique
395 4809 635 4906 gravissimas
664 4833 806 4910 poenas
845 4808 1100 4900 denunciant3
1140 4808 1332 4909 repellenti
1364 4823 1487 4886 autem

96 4936 192 5030 vim,
214 4959 394 5034 nusquam
414 4959 558 5035 poenae
579 4935 780 5034 quidquam
799 4936 1068 5036 praescriptum
1089 4946 1155 5010 est

204 5061 312 5136 Plato
332 5061 422 5159 Leg.
446 5060 535 5155 871,
557 5059 608 5137 C:
633 5055 730 5133 Ἐάν
757 5086 812 5145 τις
842 5064 956 5158 πατρὶ
982 5057 1148 5159 βοηθῶν
1172 5057 1350 5135 θάνατον
1368 5059 1490 5158 μηδὲν

99 5179 260 5259 ἀνόσιον
281 5181 418 5283 δρῶντι
436 5186 571 5280 κτείνῃ
591 5181 679 5259 τινὰ
690 5242 701 5275 ,
723 5179 747 5277 ἢ
761 5191 876 5287 μητρὶ
896 5178 920 5279 ἢ
937 5191 1088 5276 τέκνοις
1107 5181 1129 5277 ἢ
1150 5183 1331 5280 ἀδελφοῖς
1351 5180 1376 5276 ii
1393 5197 1488 5292 ξυγ-

1211 5312 1276 5377 3⁶*
