3436 5790
86 402 91 413 ·
161 351 239 438 322
712 377 774 428 rus
792 373 1002 430 conuecti.

797 565 911 643 1264.

265 692 481 793 Ὀμνύουσι
503 691 541 767 δὲ
560 696 630 769 καί
650 686 734 766 ὅσοι
753 684 847 776 τούς
877 687 1014 776 παῖδας
1035 685 1152 781 ἧττόν
1180 694 1309 769 ἵππων
1335 694 1414 771 τῶν
1442 691 1548 800 ἀγω-

164 828 374 922 νιζομένων
392 817 482 907 τούς
507 815 655 907 πώλους
680 819 908 915 κρίνουσιν,
936 821 996 893 ε’πί
1026 814 1168 918 δικαίῳ
1195 823 1264 894 καί
1294 812 1388 898 όὶνευ
1416 819 1549 922 δώρων

163 954 357 1026 ποιεῖσθαι
376 950 527 1046 κρίσιν,
554 949 625 1019 καί
643 938 690 1018 τό
709 948 745 1029 ἐς
763 937 833 1016 τόν
852 938 1160 1041 δοκιμαζόμενόν
1177 974 1216 1020 τε
1239 949 1310 1020 καί
1332 942 1387 1042 μὴ
1415 943 1546 1042 φυλό-

163 1086 245 1168 ξειν
262 1078 331 1151 καί
350 1071 472 1149 ταῦτα
490 1078 533 1148 ἐν
552 1066 763 1170 ἀπορρήτῳ.
857 1180 880 1253 6
1010 1073 1187 1166 (Pausan.
1207 1073 1254 1169 V,
1276 1074 1339 1169 24,
1362 1073 1444 1164 10.)

803 1181 853 1254 12
883 1181 917 1256 4.

269 1310 409 1385 Jurant
435 1318 631 1411 praeterea
659 1308 722 1408 qui
750 1307 811 1384 vel
841 1306 887 1382 de
914 1306 1003 1383 viris
1030 1306 1092 1384 vel
1117 1306 1163 1384 de
1182 1308 1294 1410 pullis
1313 1333 1495 1409 equorum
1511 1307 1553 1385 in

164 1445 354 1513 certamen
372 1433 639 1536 prodeuntium
655 1431 935 1533 pronunciaturi
955 1442 1061 1527 sunt,
1085 1431 1316 1534 judicaturos
1328 1433 1452 1534 juste,
1480 1457 1553 1509 nec

164 1560 212 1636 ob
233 1585 311 1637 rem
323 1559 567 1661 judicandam
585 1558 784 1660 pecuniam
801 1584 841 1633 se
860 1557 974 1633 ullam
999 1569 1195 1659 capturos:
1225 1583 1300 1659 qua
1317 1583 1407 1635 vero
1426 1583 1467 1635 re
1486 1557 1553 1634 ad-

164 1686 264 1763 ducti
282 1686 451 1788 quemvis
471 1697 535 1761 aut
553 1684 750 1786 probarint
769 1693 833 1759 aut
850 1683 1117 1786 improbarint‚
1147 1710 1186 1760 se
1215 1710 1291 1760 non
1311 1709 1391 1761 esse
1410 1683 1450 1761 in
1469 1682 1551 1762 vul·

164 1837 236 1910 gus
254 1814 474 1914 prolaturos.

807 1915 919 1992 1265.

272 2038 490 2140 Χρημάτων
507 2037 838 2132 καταδικάζεσθαι
864 2045 927 2115 ίπί
953 2039 1019 2131 τῆς
1042 2035 1283 2138 Ὀλυμπικῆς
1310 2037 1456 2138 βουλῆς
1474 2038 1552 2116 τῶν

159 2157 463 2245 Ἑλλανοδικῶν.
807 2278 908 2351 1265
1043 2170 1224 2263 (Pansam
1244 2169 1311 2264 VI,
1331 2169 1367 2262 3,
1387 2169 1446 2260 7.)

275 2403 538 2481 Hellanodicae
567 2404 668 2505 apud
696 2416 866 2481 senatum
894 2404 1132 2505 Olympicum
1165 2412 1341 2504 acceptae
1370 2403 1553 2504 pecuniae

166 2541 396 2608 accusantor.

804 2638 916 2714 1266.

274 2761 328 2835 Εἴ
350 2790 406 2847 τις
428 2756 601 2858 χρήμασι
630 2756 850 2859 διαφθείρει
876 2757 968 2846 τούς
995 2757 1183 2846 ἐλθόντας
1210 2758 1289 2835 τῶν
1316 2757 1476 2835 πυκτῶν
1509 2765 1554 2835 ἐν

167 2897 246 2975 τοῖς
260 2881 511 2983 Ὀλυμπίοις,
535 2883 705 2984 χρήμασι
725 2883 947 2984 ζημιούσθω
966 2877 1044 2964 ὑπό
1058 2881 1248 2975 Ἠλείων,
1276 2891 1347 2960 καί
1376 2887 1413 2960 σί
1442 2880 1555 2976 δεξαί·

61 3020 63 3025 ’
163 3039 278 3111 μενοι
298 3008 411 3110 δῶρα.
1039 3016 1220 3108 (Pausan.
1240 3014 1286 3109 V,
1307 3015 1448 3108 21,3.)

809 3123 923 3197 1266.

276 3245 315 3322 Si
344 3248 426 3348 quis
453 3249 615 3349 pecunia
642 3249 847 3349 corruperit
874 3248 1074 3349 quemdam
1101 3248 1269 3349 pugilum
1293 3247 1343 3325 ad
1362 3259 1552 3327 certamen

170 3373 407 3475 Olympicum
425 3375 676 3471 venientium,
704 3375 863 3475 pecnnia
890 3376 1091 3453 mulctator
1117 3375 1166 3450 ab
1187 3373 1307 3468 Eleis,
1335 3372 1432 3451 sicut
1450 3374 1551 3470 etii,

169 3500 233 3602 qui
251 3499 350 3576 dona
367 3500 590 3600 acceperint.
631 3581 636 3591 ,
683 3563 688 3573 .

804 3609 918 3683 1267.

267 3722 405 3806 ’Ἔστιν
424 3731 662 3831 ἑστιατόριον
680 3727 871 3822 Ἠλείοις,
900 3726 992 3818 τούς
1012 3727 1049 3806 δὲ
1069 3725 1117 3804 τό
1141 3726 1337 3827 Ὀλύμπια
1366 3729 1555 3822 νικῶντας

171 3854 345 3932 ίστιῶσιν
364 3863 407 3932 ἐν
425 3854 551 3958 τούτῳ
570 3859 627 3958 τῷ
645 3854 839 3956 οἰκήματι.
1013 3860 1194 3952 (Pausan.
1212 3858 1259 3955 V,
1282 3859 1448 3955 15,.12.)

812 4024 925 4098 1267.

278 4149 347 4225 Est
374 4149 476 4226 Eleis
504 4150 765 4246 coenaculum,
804 4150 843 4226 in
873 4176 945 4250 quo
979 4149 1132 4250 epulum
1159 4146 1361 4250 praebetur
1389 4148 1454 4245 iis,
1494 4149 1556 4250 qui

171 4271 348 4374 Olympia
366 4275 544 4352 vicerunt

805 4385 918 4460 1268.

280 4502 391 4581 Κατὰ
409 4511 590 4582 ,Τυπαίου
608 4507 681 4582 τοῦ
701 4500 816 4608 όρους
834 4506 901 4597 τοὶς
919 4521 1108 4613 γυναῖκας
1124 4503 1292 4597 Ἠλείοις
1311 4516 1417 4589 ἐστίν
1434 4508 1557 4588 ὠθεῖν

173 4629 311 4732 νόμος,
341 4625 390 4723 ἢν
408 4632 646 4732 φωραθῶσιν
673 4641 709 4722 ἐς
737 4633 808 4710 τόν
826 4632 960 4740 ἀγῶνα
987 4634 1176 4713 ἐλθοῦσαι
1202 4634 1274 4712 τόν
1297 4632 1554 4736 Ὀλυμπικόν.

1067 4765 1247 4859 (Pausan.
1268 4766 1315 4862 V,
1336 4767 1372 4862 6,
1393 4768 1451 4860 7.)

812 4871 925 4947 1268.

279 5000 338 5075 De
357 4997 514 5101 Typaeo
541 5025 633 5074 saxo
662 4999 821 5074 feminas
848 4998 1008 5099 dejicere
1029 4999 1206 5074 Eleorum
1224 5000 1285 5075 lex
1298 5001 1430 5101 jubet,
1461 5027 1556 5102 quae

251 5122 466 5239 ”rmpicos
477 5123 585 5204 ludos
602 5136 819 5230 penetrasse
841 5123 1097 5226 deprehensae
1116 5125 1266 5204 firerint

418 5266 453 5329 l'.‡
