3404 5782
753 422 815 473 ms
838 416 1050 470 Ponmctm.

698 814 1024 969 Κεφάλαιον
1049 812 1113 940 ς’.

603 1018 804 1166 Περὶ
878 1007 1208 1163 ἑορτῶν.

775 1353 1042 1498 OuputVl.

686 1552 785 1671 De
858 1554 1132 1668 testie.

862 1807 950 1881 425.

215 2072 404 2166 ἀλλήλους
423 2072 576 2151 ἀδικεῖν
594 2083 637 2155 ἑν
654 2073 782 2174 τούτῳ
800 2072 858 2173 τρῖ
884 2070 1039 2172 χρόνῳ,
1073 2069 1166 2168 μηδὲ
1182 2078 1436 2170 χρηματίζειν
1454 2067 1477 2146 ὅ
1496 2103 1530 2146 τι
1553 2066 1605 2148 ἂν

211 2198 265 2298 μί
287 2205 369 2300 περὶ
388 2199 455 2292 τῆς
474 2200 601 2299 ἑορτῆς
619 2192 654 2297 ᾗ.
883 2200 1093 2294 (Demosth.
1114 2226 1145 2275 ο.
1164 2200 1364 2276 Ἠωοωει.
1384 2200 1494 2293 709.)

864 2382 953 2457 425.

323 2523 506 2601 Omnibus
533 2524 670 2602 festum
698 2525 995 2618 celebrantibuS,
1026 2548 1073 2599 ne
1093 2548 1138 2599 eo
1159 2535 1328 2625 tempore
1347 2522 1408 2600 vel
1427 2523 1606 2623 privatim

215 2650 277 2726 vel
295 2649 443 2751 publice
463 2652 526 2726 alii
545 2651 627 2726 aliis
646 2651 802 2750 injurias
819 2651 960 2726 facient
976 2650 1038 2725 vel
1058 2649 1259 2749 quiequam
1276 2648 1513 2742 decernatur,
1532 2649 1606 2724 nisi

216 2775 263 2851 ad
282 2777 421 2854 festum
439 2776 635 2876 pertineat
862 2882 939 2956 426

323 3025 391 3098 Δεῖ
416 3016 743 3124 πανηγυριζούσης
770 3019 833 3111 τῆς
861 3014 1004 3107 πόλεως
1028 3016 1122 3118 μήτε
1141 3016 1234 3108 τούς
1252 3025 1383 3112 ξένους
1398 3018 1492 3120 μήτε
1512 3018 1606 3112 τούς

211 3151 420 3245 μετοίκους
448 3144 676 3245 πορρωτάτω
704 3145 783 3222 τῶν
811 3140 1063 3221 ἀπολαύσεων
1088 3143 1340 3226 καθεστάναι.
1378 3147 1606 3253 Χορηγοῦσι

216 3278 353 3348 τοίνυν
380 3276 449 3345 καί
478 3267 590 3346 αὐτοὶ
618 3277 688 3347 καί
718 3272 891 3348 ἑστιῶσιν
920 3268 1128 3363 ἀλλήλους,
1154 3273 1225 3347 ίνα
1248 3269 1375 3370 μεδείς
1400 3264 1607 3374 ὅμοιροςῇ

216 3396 318 3473 κατὰ
335 3393 406 3489 τὴν
425 3393 538 3474 ιιὸλιν
556 3398 620 3489 τῆς
635 3404 841 3498 μετουσίας
861 3397 938 3474 τῶν
958 3398 1110 3497 ἑορτῶν.

692 3524 836 3620 (Schol.
855 3527 895 3602 in
913 3525 1107 3603 Demosth.
1129 3525 1277 3627 Leptin.
1298 3525 1388 3623 462,
1411 3526 1493 3620 13.)

862 3689 952 3763 426.

322 3830 424 3904 Dum
442 3831 573 3905 civitas
593 3830 690 3906 festa
708 3832 861 3931 publica
880 3831 1045 3907 celebrat
1056 3891 1082 3922 ,,
1094 3857 1163 3907 nec
1188 3831 1375 3933 peregrini
1395 3855 1464 3908 nee
1482 3833 1604 3933 inqui·

215 3957 280 4033 lini
309 3956 504 4056 priventur
534 3954 858 4032 oblectationibus.
896 3957 1015 4057 Igitur
1043 3958 1115 4057 ipsi
1143 3981 1291 4058 quoque
1310 3956 1444 4033 choros
1462 3956 1607 4034 ducunt

216 4092 253 4158 et
271 4082 446 4158 convivia
465 4082 611 4178 agitant
629 4082 727 4157 inter
744 4107 799 4175 se,
819 4108 867 4158 ne
888 4084 970 4182 quie
990 4108 1123 4183 expers
1143 4083 1190 4159 sit
1208 4083 1248 4159 in
1266 4083 1418 4159 civitate
1437 4099 1604 4162 eommu-

216 4207 339 4282 uionis
359 4207 548 4283 festorum.

861 4317 950 4390 427.

325 4451 401 4540 Τὰς
430 4464 619 4558 γυναῖκας
649 4461 717 4530 καί
748 4452 839 4542 τούς
866 4450 1011 4556 ἄνδρας
1035 4462 1155 4555 χωρίς
1184 4463 1424 4548 καθίζεσθαι
1451 4465 1496 4533 ἑν
1524 4471 1605 4546 ταῖς

217 4583 361 4678 ἑορταῖς
381 4585 449 4655 καί
469 4577 536 4668 τὰς
556 4585 705 4680 ἑταίρας
718 4587 838 4682 χωρίς
857 4580 935 4657 τῶν
953 4586 1174 4682 ἐλευθέρων.

818 4706 962 4802 (schol.
982 4710 1018 4785 iu
1039 4707 1227 4813 Aristoph.
1249 4709 1389 4787 Εοολοε.
1410 4711 1496 4805 22.)

862 4872 951 4947 427.

323 5011 498 5090 Mulieres
518 5025 555 5090 et
573 5015 641 5090 viri
660 5016 861 5115 separatim
880 5015 1036 5093 sedeant
1054 5018 1091 5092 in
1109 5017 1211 5093 festis
1223 5027 1260 5092 et
1270 5020 1483 5098 meretrices
1502 5048 1603 5100 seor·

216 5164 298 5215 sum
316 5164 340 5216 a
357 5139 493 5216 liben's.
