<?xml version="1.0" encoding="UTF-8"?>
<!DOCTYPE html PUBLIC "-//W3C//DTD XHTML 1.0 Transitional//EN"
    "http://www.w3.org/TR/xhtml1/DTD/xhtml1-transitional.dtd">
<html xmlns="http://www.w3.org/1999/xhtml" xml:lang="en" lang="en">
 <head>
  <title>
</title>
<meta http-equiv="Content-Type" content="text/html;charset=utf-8" />
  <meta name='ocr-system' content='tesseract 3.04.00' />
  <meta name='ocr-capabilities' content='ocr_page ocr_carea ocr_par ocr_line ocrx_word'/>
</head>
<body>
  <div class='ocr_page' id='page_1' title='image "./synaggtnattiknn00tlgoog_0575.png"; bbox 0 0 3436 5790; ppageno 0'>
   <div class='ocr_carea' id='block_1_1' title="bbox 481 303 1563 403">
    <p class='ocr_par' dir='ltr' id='par_1_1' title="bbox 481 303 1563 403">
     <span class='ocr_line' id='line_1_1' title="bbox 481 303 1563 403; baseline -0.001 -29"><span class='ocrx_word' id='word_1_1' title='bbox 481 322 789 377; x_wconf 73' lang='lat' dir='ltr'><strong>conucsrssrcs</strong></span> <span class='ocrx_word' id='word_1_2' title='bbox 806 320 860 372; x_wconf 78' lang='lat' dir='ltr'><strong>an</strong></span> <span class='ocrx_word' id='word_1_3' title='bbox 882 315 961 377; x_wconf 85' lang='lat'><strong>1051.</strong></span> <span class='ocrx_word' id='word_1_4' title='bbox 983 315 1063 392; x_wconf 68' lang='grc' dir='ltr'><strong><em>ποορ.</em></strong></span> <span class='ocrx_word' id='word_1_5' title='bbox 1083 317 1162 385; x_wconf 70' lang='lat' dir='ltr'><strong>rost.</strong></span> <span class='ocrx_word' id='word_1_6' title='bbox 1184 320 1264 375; x_wconf 80' lang='lat' dir='ltr'><strong>ross.</strong></span> <span class='ocrx_word' id='word_1_7' title='bbox 1478 303 1563 403; x_wconf 73' lang='lat' dir='ltr'><strong>ccl.</strong></span> 
     </span>
    </p>
   </div>
   <div class='ocr_carea' id='block_1_2' title="bbox 745 507 978 593">
    <p class='ocr_par' dir='ltr' id='par_1_2' title="bbox 745 507 978 593">
     <span class='ocr_line' id='line_1_2' title="bbox 745 507 978 593; baseline 0.009 -2"><span class='ocrx_word' id='word_1_8' title='bbox 745 507 823 591; x_wconf 81' lang='grc' dir='ltr'><strong><em>Δδ</em></strong></span> <span class='ocrx_word' id='word_1_9' title='bbox 843 508 978 593; x_wconf 76' lang='grc'><strong>1051.</strong></span> 
     </span>
    </p>
   </div>
   <div class='ocr_carea' id='block_1_3' title="bbox 167 667 1570 1155">
    <p class='ocr_par' dir='ltr' id='par_1_3' title="bbox 167 667 1570 1155">
     <span class='ocr_line' id='line_1_3' title="bbox 276 667 1570 780; baseline -0.004 -24"><span class='ocrx_word' id='word_1_10' title='bbox 276 675 499 778; x_wconf 71' lang='lat' dir='ltr'>Hesychius:</span> <span class='ocrx_word' id='word_1_11' title='bbox 523 669 712 777; x_wconf 81' lang='lat' dir='ltr'><strong>‘Atoytcv</strong></span> <span class='ocrx_word' id='word_1_12' title='bbox 733 670 841 762; x_wconf 68' lang='lat' dir='ltr'><strong>dinc·</strong></span> <span class='ocrx_word' id='word_1_13' title='bbox 871 667 921 761; x_wconf 77' lang='grc' dir='ltr'><strong>ἥν</strong></span> <span class='ocrx_word' id='word_1_14' title='bbox 939 671 1154 780; x_wconf 71' lang='grc' dir='ltr'><strong><em>φεύγουσιν</em></strong></span> <span class='ocrx_word' id='word_1_15' title='bbox 1173 676 1210 750; x_wconf 76' lang='grc' dir='ltr'><strong><em>οἱ</em></strong></span> <span class='ocrx_word' id='word_1_16' title='bbox 1231 668 1415 772; x_wconf 76' lang='grc' dir='ltr'><strong><em>ἄρχοντες</em></strong></span> <span class='ocrx_word' id='word_1_17' title='bbox 1433 672 1570 778; x_wconf 74' lang='grc' dir='ltr'><strong><em>λόγον·</em></strong></span> 
     </span>
     <span class='ocr_line' id='line_1_4' title="bbox 169 794 1565 899; baseline -0.001 -27"><span class='ocrx_word' id='word_1_18' title='bbox 169 794 218 872; x_wconf 81' lang='grc' dir='ltr'><strong><em>οὐ</em></strong></span> <span class='ocrx_word' id='word_1_19' title='bbox 239 794 367 885; x_wconf 81' lang='grc' dir='ltr'><strong><em>δόντες</em></strong></span> <span class='ocrx_word' id='word_1_20' title='bbox 386 798 463 875; x_wconf 74' lang='grc' dir='ltr'><strong><em>τοῖν</em></strong></span> <span class='ocrx_word' id='word_1_21' title='bbox 483 797 547 889; x_wconf 75' lang='grc' dir='ltr'><strong>τῆς</strong></span> <span class='ocrx_word' id='word_1_22' title='bbox 565 795 685 899; x_wconf 77' lang='grc' dir='ltr'><strong><em>ἀρχῆς</em></strong></span> <span class='ocrx_word' id='word_1_23' title='bbox 711 794 981 894; x_wconf 78' lang='grc' dir='ltr'><strong><em>διοικημοίτων.</em></strong></span> <span class='ocrx_word' id='word_1_24' title='bbox 1022 797 1149 894; x_wconf 82' lang='lat' dir='ltr'><strong>(Actio</strong></span> <span class='ocrx_word' id='word_1_25' title='bbox 1169 802 1425 899; x_wconf 83' lang='lat' dir='ltr'><strong>neglectarum</strong></span> <span class='ocrx_word' id='word_1_26' title='bbox 1444 803 1565 878; x_wconf 72' lang='lat' dir='ltr'><strong>ratic.⁴</strong></span> 
     </span>
     <span class='ocr_line' id='line_1_5' title="bbox 167 926 1557 1027; baseline 0.001 -26"><span class='ocrx_word' id='word_1_27' title='bbox 167 952 277 1022; x_wconf 77' lang='lat' dir='ltr'><strong>num3</strong></span> <span class='ocrx_word' id='word_1_28' title='bbox 306 953 417 1027; x_wconf 90' lang='lat' dir='ltr'><strong>quam</strong></span> <span class='ocrx_word' id='word_1_29' title='bbox 446 930 608 1005; x_wconf 89' lang='lat' dir='ltr'><strong>subeunt</strong></span> <span class='ocrx_word' id='word_1_30' title='bbox 636 930 894 1026; x_wconf 79' lang='lat' dir='ltr'><strong>magistratus,</strong></span> <span class='ocrx_word' id='word_1_31' title='bbox 923 928 985 1026; x_wconf 89' lang='lat' dir='ltr'><strong>qui</strong></span> <span class='ocrx_word' id='word_1_32' title='bbox 1016 953 1092 1005; x_wconf 91' lang='lat' dir='ltr'><strong>non</strong></span> <span class='ocrx_word' id='word_1_33' title='bbox 1123 926 1365 1005; x_wconf 85' lang='lat' dir='ltr'><strong>reddiderunt</strong></span> <span class='ocrx_word' id='word_1_34' title='bbox 1392 927 1557 1003; x_wconf 81' lang='lat' dir='ltr'><strong>rationes</strong></span> 
     </span>
     <span class='ocr_line' id='line_1_6' title="bbox 168 1052 1374 1155; baseline 0 -27"><span class='ocrx_word' id='word_1_35' title='bbox 168 1078 293 1130; x_wconf 89' lang='lat' dir='ltr'><strong>rerum</strong></span> <span class='ocrx_word' id='word_1_36' title='bbox 311 1054 359 1129; x_wconf 89' lang='lat' dir='ltr'><strong>ab</strong></span> <span class='ocrx_word' id='word_1_37' title='bbox 379 1054 469 1155; x_wconf 85' lang='lat' dir='ltr'><strong>ipsis</strong></span> <span class='ocrx_word' id='word_1_38' title='bbox 488 1056 746 1154; x_wconf 84' lang='lat' dir='ltr'><strong>magistratum</strong></span> <span class='ocrx_word' id='word_1_39' title='bbox 767 1052 1374 1155; x_wconf 84' lang='lat' dir='ltr'><strong>gerentibusadministratamm.)</strong></span> 
     </span>
    </p>
   </div>
   <div class='ocr_carea' id='block_1_4' title="bbox 740 1212 976 1312">
    <p class='ocr_par' dir='ltr' id='par_1_4' title="bbox 740 1212 976 1312">
     <span class='ocr_line' id='line_1_7' title="bbox 740 1212 976 1312; baseline -0.008 0"><span class='ocrx_word' id='word_1_40' title='bbox 740 1212 817 1312; x_wconf 74' lang='lat' dir='ltr'><strong>Aa</strong></span> <span class='ocrx_word' id='word_1_41' title='bbox 833 1227 976 1311; x_wconf 79' lang='lat' dir='ltr'><strong>roae.</strong></span> 
     </span>
    </p>
   </div>
   <div class='ocr_carea' id='block_1_5' title="bbox 163 1389 1561 2625">
    <p class='ocr_par' dir='ltr' id='par_1_5' title="bbox 163 1389 1561 2625">
     <span class='ocr_line' id='line_1_8' title="bbox 274 1389 1549 1495; baseline -0.001 -27"><span class='ocrx_word' id='word_1_42' title='bbox 274 1394 304 1468; x_wconf 82' lang='lat' dir='ltr'><strong>E</strong></span> <span class='ocrx_word' id='word_1_43' title='bbox 323 1394 554 1495; x_wconf 88' lang='lat' dir='ltr'><strong>praescripto</strong></span> <span class='ocrx_word' id='word_1_44' title='bbox 574 1395 718 1493; x_wconf 89' lang='lat' dir='ltr'><strong>Legum</strong></span> <span class='ocrx_word' id='word_1_45' title='bbox 733 1394 900 1471; x_wconf 82' lang='lat' dir='ltr'>Platonis</span> <span class='ocrx_word' id='word_1_46' title='bbox 918 1394 1027 1486; x_wconf 82' lang='grc'>(946,</span> <span class='ocrx_word' id='word_1_47' title='bbox 1049 1395 1192 1486; x_wconf 80' lang='lat' dir='ltr'>D-E)</span> <span class='ocrx_word' id='word_1_48' title='bbox 1212 1408 1440 1472; x_wconf 78' lang='lat' dir='ltr'><strong>correctores</strong></span> <span class='ocrx_word' id='word_1_49' title='bbox 1460 1389 1549 1489; x_wconf 81' lang='grc' dir='ltr'><strong><em>(εδ-</em></strong></span> 
     </span>
     <span class='ocr_line' id='line_1_9' title="bbox 169 1512 1552 1622; baseline 0.005 -32"><span class='ocrx_word' id='word_1_50' title='bbox 169 1512 307 1612; x_wconf 70' lang='lat' dir='ltr'><strong>coroa)</strong></span> <span class='ocrx_word' id='word_1_51' title='bbox 325 1526 524 1620; x_wconf 89' lang='lat' dir='ltr'><strong>postquam</strong></span> <span class='ocrx_word' id='word_1_52' title='bbox 543 1521 761 1621; x_wconf 85' lang='lat' dir='ltr'><strong>perfunctos</strong></span> <span class='ocrx_word' id='word_1_53' title='bbox 781 1520 1001 1619; x_wconf 88' lang='lat' dir='ltr'><strong>magistratu</strong></span> <span class='ocrx_word' id='word_1_54' title='bbox 1014 1519 1284 1619; x_wconf 87' lang='lat' dir='ltr'><strong>judicaverint,</strong></span> <span class='ocrx_word' id='word_1_55' title='bbox 1305 1520 1343 1597; x_wconf 90' lang='lat' dir='ltr'><strong>in</strong></span> <span class='ocrx_word' id='word_1_56' title='bbox 1365 1522 1447 1596; x_wconf 89' lang='lat' dir='ltr'><strong>foro</strong></span> <span class='ocrx_word' id='word_1_57' title='bbox 1466 1546 1552 1622; x_wconf 86' lang='lat' dir='ltr'><strong>pro-</strong></span> 
     </span>
     <span class='ocr_line' id='line_1_10' title="bbox 165 1641 1553 1746; baseline 0.002 -26"><span class='ocrx_word' id='word_1_58' title='bbox 165 1643 296 1745; x_wconf 90' lang='lat' dir='ltr'><strong>positis</strong></span> <span class='ocrx_word' id='word_1_59' title='bbox 324 1641 370 1720; x_wconf 91' lang='lat' dir='ltr'><strong>de</strong></span> <span class='ocrx_word' id='word_1_60' title='bbox 401 1643 533 1744; x_wconf 90' lang='lat' dir='ltr'><strong>quovis</strong></span> <span class='ocrx_word' id='word_1_61' title='bbox 562 1645 709 1746; x_wconf 85' lang='lat' dir='ltr'><strong>scriptis</strong></span> <span class='ocrx_word' id='word_1_62' title='bbox 736 1642 923 1721; x_wconf 85' lang='lat' dir='ltr'><strong>indicante</strong></span> <span class='ocrx_word' id='word_1_63' title='bbox 952 1643 1113 1737; x_wconf 86' lang='lat' dir='ltr'><strong>civitati,</strong></span> <span class='ocrx_word' id='word_1_64' title='bbox 1143 1642 1229 1742; x_wconf 89' lang='lat' dir='ltr'><strong>qnid</strong></span> <span class='ocrx_word' id='word_1_65' title='bbox 1259 1644 1337 1744; x_wconf 91' lang='lat' dir='ltr'><strong>pati</strong></span> <span class='ocrx_word' id='word_1_66' title='bbox 1366 1669 1553 1744; x_wconf 84' lang='lat' dir='ltr'>quemque</span> 
     </span>
     <span class='ocr_line' id='line_1_11' title="bbox 166 1767 1550 1871; baseline 0.001 -29"><span class='ocrx_word' id='word_1_67' title='bbox 166 1769 226 1844; x_wconf 91' lang='lat' dir='ltr'><strong>vel</strong></span> <span class='ocrx_word' id='word_1_68' title='bbox 247 1767 459 1869; x_wconf 88' lang='lat' dir='ltr'><strong>dependere</strong></span> <span class='ocrx_word' id='word_1_69' title='bbox 478 1780 657 1869; x_wconf 84' lang='lat' dir='ltr'><strong>oporteat</strong></span> <span class='ocrx_word' id='word_1_70' title='bbox 696 1769 770 1862; x_wconf 82' lang='lat' dir='ltr'><strong>Qui</strong></span> <span class='ocrx_word' id='word_1_71' title='bbox 798 1793 888 1844; x_wconf 89' lang='lat' dir='ltr'><strong>vero</strong></span> <span class='ocrx_word' id='word_1_72' title='bbox 917 1767 1203 1866; x_wconf 76' lang='lat' dir='ltr'><strong>magistratuum</strong></span> <span class='ocrx_word' id='word_1_73' title='bbox 1225 1769 1327 1871; x_wconf 83' lang='lat' dir='ltr'><strong>juste</strong></span> <span class='ocrx_word' id='word_1_74' title='bbox 1353 1797 1392 1846; x_wconf 86' lang='lat' dir='ltr'><strong>se</strong></span> <span class='ocrx_word' id='word_1_75' title='bbox 1406 1769 1550 1870; x_wconf 86' lang='lat' dir='ltr'><strong>judica·</strong></span> 
     </span>
     <span class='ocr_line' id='line_1_12' title="bbox 165 1886 1551 1992; baseline -0.002 -22"><span class='ocrx_word' id='word_1_76' title='bbox 165 1903 243 1970; x_wconf 88' lang='lat' dir='ltr'><strong>tum</strong></span> <span class='ocrx_word' id='word_1_77' title='bbox 261 1893 474 1992; x_wconf 84' lang='lat' dir='ltr'><strong>negaverit,</strong></span> <span class='ocrx_word' id='word_1_78' title='bbox 504 1892 551 1970; x_wconf 87' lang='lat' dir='ltr'><strong>ad</strong></span> <span class='ocrx_word' id='word_1_79' title='bbox 576 1892 732 1969; x_wconf 88' lang='lat' dir='ltr'><strong>selectos</strong></span> <span class='ocrx_word' id='word_1_80' title='bbox 745 1890 889 1992; x_wconf 87' lang='lat' dir='ltr'><strong>judices</strong></span> <span class='ocrx_word' id='word_1_81' title='bbox 919 1893 993 1985; x_wconf 79' lang='grc' dir='ltr'><strong>(εἰς</strong></span> <span class='ocrx_word' id='word_1_82' title='bbox 1010 1886 1102 1978; x_wconf 78' lang='grc' dir='ltr'><strong>τούς</strong></span> <span class='ocrx_word' id='word_1_83' title='bbox 1121 1887 1329 1977; x_wconf 76' lang='grc' dir='ltr'><strong><em>ἐκλεκτούς</em></strong></span> <span class='ocrx_word' id='word_1_84' title='bbox 1349 1888 1551 1987; x_wconf 83' lang='grc' dir='ltr'><strong><em>δικαστάς)</em></strong></span> 
     </span>
     <span class='ocr_line' id='line_1_13' title="bbox 164 2018 1549 2120; baseline 0.003 -27"><span class='ocrx_word' id='word_1_85' title='bbox 164 2019 278 2120; x_wconf 88' lang='lat' dir='ltr'><strong>injus</strong></span> <span class='ocrx_word' id='word_1_86' title='bbox 297 2028 430 2096; x_wconf 88' lang='lat' dir='ltr'><strong>vocato</strong></span> <span class='ocrx_word' id='word_1_87' title='bbox 451 2030 696 2108; x_wconf 78' lang='lat' dir='ltr'><strong>correctores,</strong></span> <span class='ocrx_word' id='word_1_88' title='bbox 727 2030 764 2095; x_wconf 88' lang='lat' dir='ltr'><strong>et</strong></span> <span class='ocrx_word' id='word_1_89' title='bbox 790 2019 822 2095; x_wconf 91' lang='lat' dir='ltr'><strong>si</strong></span> <span class='ocrx_word' id='word_1_90' title='bbox 850 2018 934 2117; x_wconf 91' lang='lat' dir='ltr'><strong>quis</strong></span> <span class='ocrx_word' id='word_1_91' title='bbox 959 2044 1037 2096; x_wconf 90' lang='lat' dir='ltr'><strong>non</strong></span> <span class='ocrx_word' id='word_1_92' title='bbox 1064 2018 1326 2107; x_wconf 80' lang='lat' dir='ltr'><strong>commeruisse</strong></span> <span class='ocrx_word' id='word_1_93' title='bbox 1355 2021 1549 2097; x_wconf 82' lang='lat' dir='ltr'><strong>correctio-</strong></span> 
     </span>
     <span class='ocr_line' id='line_1_14' title="bbox 163 2143 1548 2246; baseline 0.001 -26"><span class='ocrx_word' id='word_1_94' title='bbox 163 2171 251 2222; x_wconf 89' lang='lat' dir='ltr'><strong>nem</strong></span> <span class='ocrx_word' id='word_1_95' title='bbox 278 2145 379 2221; x_wconf 85' lang='lat' dir='ltr'><strong>visus</strong></span> <span class='ocrx_word' id='word_1_96' title='bbox 407 2145 538 2238; x_wconf 84' lang='lat' dir='ltr'><strong>fue&#39;rit,</strong></span> <span class='ocrx_word' id='word_1_97' title='bbox 568 2145 670 2246; x_wconf 91' lang='lat' dir='ltr'><strong>ipsos</strong></span> <span class='ocrx_word' id='word_1_98' title='bbox 699 2153 948 2237; x_wconf 84' lang='lat' dir='ltr'><strong>correctores,</strong></span> <span class='ocrx_word' id='word_1_99' title='bbox 979 2143 1009 2218; x_wconf 91' lang='lat' dir='ltr'><strong>si</strong></span> <span class='ocrx_word' id='word_1_100' title='bbox 1029 2143 1147 2235; x_wconf 88' lang='lat' dir='ltr'><strong>volet,</strong></span> <span class='ocrx_word' id='word_1_101' title='bbox 1176 2156 1361 2220; x_wconf 80' lang='lat' dir='ltr'><strong>accusatu</strong></span> <span class='ocrx_word' id='word_1_102' title='bbox 1402 2144 1548 2221; x_wconf 84' lang='lat' dir='ltr'><strong>Conde-</strong></span> 
     </span>
     <span class='ocr_line' id='line_1_15' title="bbox 164 2269 1548 2366; baseline -0.003 -18"><span class='ocrx_word' id='word_1_103' title='bbox 164 2281 311 2348; x_wconf 89' lang='lat' dir='ltr'><strong>mnatus</strong></span> <span class='ocrx_word' id='word_1_104' title='bbox 330 2289 439 2366; x_wconf 88' lang='lat' dir='ltr'><strong>vero,</strong></span> <span class='ocrx_word' id='word_1_105' title='bbox 460 2273 490 2348; x_wconf 91' lang='lat' dir='ltr'><strong>si</strong></span> <span class='ocrx_word' id='word_1_106' title='bbox 511 2272 569 2347; x_wconf 93' lang='lat' dir='ltr'><strong>cui</strong></span> <span class='ocrx_word' id='word_1_107' title='bbox 589 2280 706 2348; x_wconf 88' lang='lat' dir='ltr'><strong>morte</strong></span> <span class='ocrx_word' id='word_1_108' title='bbox 727 2271 963 2347; x_wconf 88' lang='lat' dir='ltr'><strong>aestimatum</strong></span> <span class='ocrx_word' id='word_1_109' title='bbox 981 2297 1005 2346; x_wconf 88' lang='lat' dir='ltr'><strong>a</strong></span> <span class='ocrx_word' id='word_1_110' title='bbox 1023 2269 1296 2346; x_wconf 87' lang='lat' dir='ltr'><strong>correctoribus</strong></span> <span class='ocrx_word' id='word_1_111' title='bbox 1316 2270 1443 2360; x_wconf 85' lang='lat' dir='ltr'><strong>fucrit,</strong></span> <span class='ocrx_word' id='word_1_112' title='bbox 1463 2270 1548 2344; x_wconf 91' lang='lat' dir='ltr'><strong>sim-</strong></span> 
     </span>
     <span class='ocr_line' id='line_1_16' title="bbox 163 2393 1548 2498; baseline -0.001 -25"><span class='ocrx_word' id='word_1_113' title='bbox 163 2397 306 2498; x_wconf 88' lang='lat' dir='ltr'><strong>pliciter</strong></span> <span class='ocrx_word' id='word_1_114' title='bbox 325 2395 499 2492; x_wconf 83' lang='lat' dir='ltr'><strong>moritor3</strong></span> <span class='ocrx_word' id='word_1_115' title='bbox 527 2396 751 2496; x_wconf 89' lang='lat' dir='ltr'><strong>reliquarum</strong></span> <span class='ocrx_word' id='word_1_116' title='bbox 779 2395 1003 2470; x_wconf 91' lang='lat' dir='ltr'><strong>muletarum</strong></span> <span class='ocrx_word' id='word_1_117' title='bbox 1033 2406 1178 2487; x_wconf 89' lang='lat' dir='ltr'><strong>autem,</strong></span> <span class='ocrx_word' id='word_1_118' title='bbox 1210 2419 1367 2495; x_wconf 88' lang='lat' dir='ltr'><strong>quarum</strong></span> <span class='ocrx_word' id='word_1_119' title='bbox 1396 2393 1548 2497; x_wconf 89' lang='lat' dir='ltr'><strong>duplum</strong></span> 
     </span>
     <span class='ocr_line' id='line_1_17' title="bbox 163 2496 1561 2625; baseline -0.007 -25"><span class='ocrx_word' id='word_1_120' title='bbox 163 2522 276 2625; x_wconf 90' lang='lat' dir='ltr'><strong>pendi</strong></span> <span class='ocrx_word' id='word_1_121' title='bbox 293 2523 448 2624; x_wconf 88' lang='lat' dir='ltr'><strong>poterit,</strong></span> <span class='ocrx_word' id='word_1_122' title='bbox 479 2520 633 2623; x_wconf 87' lang='lat' dir='ltr'><strong>duplum</strong></span> <span class='ocrx_word' id='word_1_123' title='bbox 651 2521 816 2623; x_wconf 89' lang='lat' dir='ltr'><strong>pendito.</strong></span> <span class='ocrx_word' id='word_1_124' title='bbox 1556 2496 1561 2513; x_wconf 60' lang='lat'><strong><em>⁹</em></strong></span> 
     </span>
    </p>
   </div>
   <div class='ocr_carea' id='block_1_6' title="bbox 736 2694 975 2779">
    <p class='ocr_par' dir='ltr' id='par_1_6' title="bbox 736 2694 975 2779">
     <span class='ocr_line' id='line_1_18' title="bbox 736 2694 975 2779; baseline 0 -1"><span class='ocrx_word' id='word_1_125' title='bbox 736 2694 813 2778; x_wconf 76' lang='lat' dir='ltr'><strong>Aa</strong></span> <span class='ocrx_word' id='word_1_126' title='bbox 830 2696 975 2779; x_wconf 76' lang='grc'><strong>1054.</strong></span> 
     </span>
    </p>
   </div>
   <div class='ocr_carea' id='block_1_7' title="bbox 160 2838 1555 3706">
    <p class='ocr_par' dir='ltr' id='par_1_7' title="bbox 160 2838 1555 3706">
     <span class='ocr_line' id='line_1_19' title="bbox 267 2838 1555 2945; baseline -0.004 -21"><span class='ocrx_word' id='word_1_127' title='bbox 267 2845 501 2924; x_wconf 86' lang='lat' dir='ltr'><strong>Dinarch.</strong></span> <span class='ocrx_word' id='word_1_128' title='bbox 530 2872 560 2921; x_wconf 87' lang='lat' dir='ltr'><strong>c.</strong></span> <span class='ocrx_word' id='word_1_129' title='bbox 591 2843 923 2945; x_wconf 82' lang='lat' dir='ltr'><strong>Aristogiton.</strong></span> <span class='ocrx_word' id='word_1_130' title='bbox 953 2838 986 2944; x_wconf 65' lang='grc' dir='ltr'><strong><em>δ.</em></strong></span> <span class='ocrx_word' id='word_1_131' title='bbox 1007 2843 1184 2919; x_wconf 72' lang='lat' dir='ltr'><strong>tet-1⁷:</strong></span> <span class='ocrx_word' id='word_1_132' title='bbox 1213 2842 1328 2920; x_wconf 85' lang='lat' dir='ltr'><strong>Primi</strong></span> <span class='ocrx_word' id='word_1_133' title='bbox 1358 2843 1555 2942; x_wconf 65' lang='lat' dir='ltr'><strong>legislat0==</strong></span> 
     </span>
     <span class='ocr_line' id='line_1_20' title="bbox 163 2969 1554 3074; baseline -0.004 -23"><span class='ocrx_word' id='word_1_134' title='bbox 163 3000 242 3068; x_wconf 90' lang='lat' dir='ltr'><strong>res,</strong></span> <span class='ocrx_word' id='word_1_135' title='bbox 272 2974 302 3051; x_wconf 92' lang='lat' dir='ltr'><strong>si</strong></span> <span class='ocrx_word' id='word_1_136' title='bbox 323 2973 404 3074; x_wconf 89' lang='lat' dir='ltr'><strong>quis</strong></span> <span class='ocrx_word' id='word_1_137' title='bbox 424 2972 532 3050; x_wconf 89' lang='lat' dir='ltr'><strong>donis</strong></span> <span class='ocrx_word' id='word_1_138' title='bbox 551 2973 714 3073; x_wconf 89' lang='lat' dir='ltr'><strong>acceptis</strong></span> <span class='ocrx_word' id='word_1_139' title='bbox 742 2973 859 3050; x_wconf 88' lang='lat' dir='ltr'><strong>verba</strong></span> <span class='ocrx_word' id='word_1_140' title='bbox 884 2973 1023 3048; x_wconf 87' lang='lat' dir='ltr'><strong>laceret</strong></span> <span class='ocrx_word' id='word_1_141' title='bbox 1042 2984 1079 3047; x_wconf 87' lang='lat' dir='ltr'><strong>et</strong></span> <span class='ocrx_word' id='word_1_142' title='bbox 1099 2970 1145 3048; x_wconf 89' lang='lat' dir='ltr'><strong>de</strong></span> <span class='ocrx_word' id='word_1_143' title='bbox 1165 2970 1274 3048; x_wconf 86' lang='lat' dir='ltr'><strong>rebus</strong></span> <span class='ocrx_word' id='word_1_144' title='bbox 1286 2969 1454 3071; x_wconf 75' lang='lat' dir='ltr'><strong>&#39;publicis</strong></span> <span class='ocrx_word' id='word_1_145' title='bbox 1473 2980 1554 3046; x_wconf 74' lang='lat' dir='ltr'><strong>sta·</strong></span> 
     </span>
     <span class='ocr_line' id='line_1_21' title="bbox 161 3095 1554 3199; baseline -0.005 -23"><span class='ocrx_word' id='word_1_146' title='bbox 161 3110 300 3194; x_wconf 81' lang='lat' dir='ltr'><strong>tuerat,</strong></span> <span class='ocrx_word' id='word_1_147' title='bbox 330 3099 429 3175; x_wconf 91' lang='lat' dir='ltr'><strong>hunc</strong></span> <span class='ocrx_word' id='word_1_148' title='bbox 454 3098 640 3199; x_wconf 87' lang='lat' dir='ltr'><strong>perditum</strong></span> <span class='ocrx_word' id='word_1_149' title='bbox 666 3123 746 3174; x_wconf 92' lang='lat' dir='ltr'><strong>esse</strong></span> <span class='ocrx_word' id='word_1_150' title='bbox 767 3097 955 3175; x_wconf 85' lang='lat' dir='ltr'><strong>volebant.</strong></span> <span class='ocrx_word' id='word_1_151' title='bbox 991 3096 1138 3176; x_wconf 84' lang='lat' dir='ltr'><strong>Deinde</strong></span> <span class='ocrx_word' id='word_1_152' title='bbox 1155 3096 1363 3196; x_wconf 85' lang='lat' dir='ltr'><strong>in&#39;legibus</strong></span> <span class='ocrx_word' id='word_1_153' title='bbox 1382 3095 1554 3194; x_wconf 78' lang='lat' dir='ltr'><strong>largitio·¹</strong></span> 
     </span>
     <span class='ocr_line' id='line_1_22' title="bbox 160 3217 1552 3324; baseline -0.005 -21"><span class='ocrx_word' id='word_1_154' title='bbox 160 3252 249 3303; x_wconf 90' lang='lat' dir='ltr'><strong>num</strong></span> <span class='ocrx_word' id='word_1_155' title='bbox 278 3227 444 3302; x_wconf 86' lang='lat' dir='ltr'><strong>actiones</strong></span> <span class='ocrx_word' id='word_1_156' title='bbox 475 3217 630 3321; x_wconf 81' lang='grc' dir='ltr'>(δώρων</span> <span class='ocrx_word' id='word_1_157' title='bbox 657 3217 827 3324; x_wconf 79' lang='grc' dir='ltr'><strong><em>γραφάς)</em></strong></span> <span class='ocrx_word' id='word_1_158' title='bbox 856 3223 1027 3300; x_wconf 84' lang='lat' dir='ltr'><strong>fecerunt</strong></span> <span class='ocrx_word' id='word_1_159' title='bbox 1057 3223 1160 3300; x_wconf 91' lang='lat' dir='ltr'><strong>etin</strong></span> <span class='ocrx_word' id='word_1_160' title='bbox 1188 3219 1281 3299; x_wconf 68' lang='lat' dir='ltr'><strong>solo&#39;</strong></span> <span class='ocrx_word' id='word_1_161' title='bbox 1298 3221 1369 3297; x_wconf 92' lang='lat' dir='ltr'><strong>hoc</strong></span> <span class='ocrx_word' id='word_1_162' title='bbox 1393 3219 1552 3296; x_wconf 69' lang='lat' dir='ltr'><strong>crimine!</strong></span> 
     </span>
     <span class='ocr_line' id='line_1_23' title="bbox 161 3328 1545 3453; baseline -0.006 -25"><span class='ocrx_word' id='word_1_163' title='bbox 161 3352 374 3453; x_wconf 88' lang='lat' dir='ltr'><strong>decuplam</strong></span> <span class='ocrx_word' id='word_1_164' title='bbox 394 3361 568 3451; x_wconf 85' lang='lat' dir='ltr'><strong>acceptae</strong></span> <span class='ocrx_word' id='word_1_165' title='bbox 604 3349 787 3450; x_wconf 88' lang='lat' dir='ltr'><strong>pecuniae</strong></span> <span class='ocrx_word' id='word_1_166' title='bbox 824 3372 1007 3425; x_wconf 88' lang='lat' dir='ltr'><strong>summam</strong></span> <span class='ocrx_word' id='word_1_167' title='bbox 1043 3370 1111 3448; x_wconf 91' lang='lat' dir='ltr'><strong>pro</strong></span> <span class='ocrx_word' id='word_1_168' title='bbox 1150 3346 1288 3424; x_wconf 85' lang='lat' dir='ltr'><strong>mulcta</strong></span> <span class='ocrx_word' id='word_1_169' title='bbox 1301 3328 1545 3443; x_wconf 63' lang='lat' dir='ltr'><strong>irrogarunt3,</strong></span> 
     </span>
     <span class='ocr_line' id='line_1_24' title="bbox 160 3470 1549 3575; baseline -0.006 -21"><span class='ocrx_word' id='word_1_170' title='bbox 160 3477 412 3554; x_wconf 82' lang='lat' dir='ltr'><strong>existimantes</strong></span> <span class='ocrx_word' id='word_1_171' title='bbox 442 3502 547 3569; x_wconf 90' lang='lat' dir='ltr'><strong>eum,</strong></span> <span class='ocrx_word' id='word_1_172' title='bbox 579 3475 641 3574; x_wconf 92' lang='lat' dir='ltr'><strong>qui</strong></span> <span class='ocrx_word' id='word_1_173' title='bbox 670 3498 739 3575; x_wconf 89' lang='lat' dir='ltr'><strong>pro</strong></span> <span class='ocrx_word' id='word_1_174' title='bbox 766 3472 948 3550; x_wconf 87' lang='lat' dir='ltr'><strong>habendis</strong></span> <span class='ocrx_word' id='word_1_175' title='bbox 980 3497 1106 3549; x_wconf 90' lang='lat' dir='ltr'><strong>coram</strong></span> <span class='ocrx_word' id='word_1_176' title='bbox 1133 3470 1276 3574; x_wconf 91' lang='lat' dir='ltr'><strong>populo</strong></span> <span class='ocrx_word' id='word_1_177' title='bbox 1314 3471 1549 3546; x_wconf 83' lang='lat' dir='ltr'><strong>orationibus</strong></span> 
     </span>
     <span class='ocr_line' id='line_1_25' title="bbox 160 3597 1544 3706; baseline -0.007 -27"><span class='ocrx_word' id='word_1_178' title='bbox 160 3604 319 3706; x_wconf 89' lang='lat' dir='ltr'><strong>pretium</strong></span> <span class='ocrx_word' id='word_1_179' title='bbox 336 3602 539 3701; x_wconf 87' lang='lat' dir='ltr'><strong>acceperit,</strong></span> <span class='ocrx_word' id='word_1_180' title='bbox 568 3625 644 3677; x_wconf 91' lang='lat' dir='ltr'><strong>non</strong></span> <span class='ocrx_word' id='word_1_181' title='bbox 664 3627 733 3701; x_wconf 93' lang='lat' dir='ltr'><strong>pro</strong></span> <span class='ocrx_word' id='word_1_182' title='bbox 752 3599 883 3700; x_wconf 89' lang='lat' dir='ltr'><strong>populi</strong></span> <span class='ocrx_word' id='word_1_183' title='bbox 902 3597 1107 3676; x_wconf 88' lang='lat' dir='ltr'><strong>commodis</strong></span> <span class='ocrx_word' id='word_1_184' title='bbox 1127 3597 1430 3674; x_wconf 86' lang='lat' dir='ltr'><strong>concionaturum</strong></span> <span class='ocrx_word' id='word_1_185' title='bbox 1452 3618 1544 3688; x_wconf 85' lang='lat' dir='ltr'><strong>esse,</strong></span> 
     </span>
    </p>
   </div>
   <div class='ocr_carea' id='block_1_8' title="bbox 161 3722 1545 3946">
    <p class='ocr_par' dir='ltr' id='par_1_8' title="bbox 161 3722 1545 3946">
     <span class='ocr_line' id='line_1_26' title="bbox 161 3722 1128 3828; baseline -0.006 -24"><span class='ocrx_word' id='word_1_186' title='bbox 161 3727 226 3808; x_wconf 87' lang='lat' dir='ltr'><strong>sed</strong></span> <span class='ocrx_word' id='word_1_187' title='bbox 244 3754 311 3828; x_wconf 91' lang='lat' dir='ltr'><strong>pro</strong></span> <span class='ocrx_word' id='word_1_188' title='bbox 333 3753 479 3820; x_wconf 89' lang='lat' dir='ltr'><strong>eorum,</strong></span> <span class='ocrx_word' id='word_1_189' title='bbox 508 3727 571 3826; x_wconf 92' lang='lat' dir='ltr'><strong>qui</strong></span> <span class='ocrx_word' id='word_1_190' title='bbox 590 3726 751 3828; x_wconf 88' lang='lat' dir='ltr'><strong>pretium</strong></span> <span class='ocrx_word' id='word_1_191' title='bbox 770 3722 943 3803; x_wconf 85' lang='lat' dir='ltr'><strong>dederint</strong></span> <span class='ocrx_word' id='word_1_192' title='bbox 958 3723 1128 3800; x_wconf 87' lang='lat' dir='ltr'><strong>utilitate.</strong></span> 
     </span>
     <span class='ocr_line' id='line_1_27' title="bbox 266 3841 1545 3946; baseline -0.005 -18"><span class='ocrx_word' id='word_1_193' title='bbox 266 3851 402 3928; x_wconf 85' lang='lat' dir='ltr'><strong>Pollux</strong></span> <span class='ocrx_word' id='word_1_194' title='bbox 430 3850 534 3944; x_wconf 92' lang='lat' dir='ltr'><strong>VIII,</strong></span> <span class='ocrx_word' id='word_1_195' title='bbox 566 3850 634 3925; x_wconf 75' lang='lat'><strong>42:</strong></span> <span class='ocrx_word' id='word_1_196' title='bbox 670 3843 801 3946; x_wconf 83' lang='grc' dir='ltr'><strong><em>δώρων</em></strong></span> <span class='ocrx_word' id='word_1_197' title='bbox 828 3841 931 3922; x_wconf 75' lang='grc' dir='ltr'><strong><em>κατὰ</em></strong></span> <span class='ocrx_word' id='word_1_198' title='bbox 960 3843 1036 3921; x_wconf 74' lang='grc' dir='ltr'><strong><em>τοῦ</em></strong></span> <span class='ocrx_word' id='word_1_199' title='bbox 1061 3848 1121 3920; x_wconf 75' lang='grc' dir='ltr'><strong>ἐπὶ</strong></span> <span class='ocrx_word' id='word_1_200' title='bbox 1151 3841 1284 3943; x_wconf 82' lang='grc' dir='ltr'><strong><em>δώροις</em></strong></span> <span class='ocrx_word' id='word_1_201' title='bbox 1312 3843 1545 3933; x_wconf 79' lang='grc' dir='ltr'><strong><em>δικάσαντος</em></strong></span> 
     </span>
    </p>
   </div>
   <div class='ocr_carea' id='block_1_9' title="bbox 159 3967 1544 4328">
    <p class='ocr_par' dir='ltr' id='par_1_9' title="bbox 159 3967 1544 4328">
     <span class='ocr_line' id='line_1_28' title="bbox 160 3967 1544 4079; baseline -0.006 -27"><span class='ocrx_word' id='word_1_202' title='bbox 160 3969 206 4066; x_wconf 81' lang='grc' dir='ltr'><strong>ἦν</strong></span> <span class='ocrx_word' id='word_1_203' title='bbox 227 3967 246 4066; x_wconf 80' lang='grc' dir='ltr'><em>ἦ</em></span> <span class='ocrx_word' id='word_1_204' title='bbox 268 3971 419 4079; x_wconf 75' lang='grc' dir='ltr'><strong><em>γραφή,</em></strong></span> <span class='ocrx_word' id='word_1_205' title='bbox 450 3970 649 4070; x_wconf 74' lang='grc' dir='ltr'><em>δεκασμοῦ</em></span> <span class='ocrx_word' id='word_1_206' title='bbox 676 3967 716 4046; x_wconf 84' lang='grc' dir='ltr'><strong><em>δὲ</em></strong></span> <span class='ocrx_word' id='word_1_207' title='bbox 745 3968 847 4047; x_wconf 83' lang='grc' dir='ltr'><strong><em>κατοὶ</em></strong></span> <span class='ocrx_word' id='word_1_208' title='bbox 875 3968 947 4047; x_wconf 81' lang='grc' dir='ltr'><strong><em>τοῦ</em></strong></span> <span class='ocrx_word' id='word_1_209' title='bbox 977 3968 1286 4070; x_wconf 73' lang='grc' dir='ltr'><strong><em>διαφθείραντος.</em></strong></span> <span class='ocrx_word' id='word_1_210' title='bbox 1326 3974 1444 4075; x_wconf 76' lang='lat' dir='ltr'><strong>Igitur</strong></span> <span class='ocrx_word' id='word_1_211' title='bbox 1465 3971 1544 4045; x_wconf 71' lang='lat' dir='ltr'><strong>dri-³</strong></span> 
     </span>
     <span class='ocr_line' id='line_1_29' title="bbox 159 4093 1542 4201; baseline 0.001 -26"><span class='ocrx_word' id='word_1_212' title='bbox 159 4130 236 4199; x_wconf 89' lang='grc' dir='ltr'><strong>ρων</strong></span> <span class='ocrx_word' id='word_1_213' title='bbox 263 4103 360 4180; x_wconf 84' lang='lat' dir='ltr'><strong>actio</strong></span> <span class='ocrx_word' id='word_1_214' title='bbox 390 4113 468 4180; x_wconf 87' lang='lat' dir='ltr'><strong>erat</strong></span> <span class='ocrx_word' id='word_1_215' title='bbox 497 4110 626 4177; x_wconf 84' lang='lat' dir='ltr'><strong>contra</strong></span> <span class='ocrx_word' id='word_1_216' title='bbox 652 4098 778 4195; x_wconf 91' lang='lat' dir='ltr'><strong>illum,</strong></span> <span class='ocrx_word' id='word_1_217' title='bbox 806 4101 868 4201; x_wconf 83' lang='lat' dir='ltr'><strong>qui</strong></span> <span class='ocrx_word' id='word_1_218' title='bbox 888 4098 988 4177; x_wconf 90' lang='lat' dir='ltr'><strong>dona</strong></span> <span class='ocrx_word' id='word_1_219' title='bbox 1006 4099 1168 4200; x_wconf 87' lang='lat' dir='ltr'><strong>accepit,</strong></span> <span class='ocrx_word' id='word_1_220' title='bbox 1199 4093 1395 4192; x_wconf 78' lang='grc' dir='ltr'><strong>δεκασμοῦ</strong></span> <span class='ocrx_word' id='word_1_221' title='bbox 1416 4106 1542 4177; x_wconf 71' lang='lat' dir='ltr'><strong>nartem</strong></span> 
     </span>
     <span class='ocr_line' id='line_1_30' title="bbox 159 4218 1540 4328; baseline -0.002 -22"><span class='ocrx_word' id='word_1_222' title='bbox 159 4242 287 4306; x_wconf 87' lang='lat' dir='ltr'><strong>contra</strong></span> <span class='ocrx_word' id='word_1_223' title='bbox 304 4226 425 4321; x_wconf 92' lang='lat' dir='ltr'><strong>illum,</strong></span> <span class='ocrx_word' id='word_1_224' title='bbox 454 4228 515 4327; x_wconf 92' lang='lat' dir='ltr'><strong>qui</strong></span> <span class='ocrx_word' id='word_1_225' title='bbox 535 4226 655 4321; x_wconf 85' lang='lat' dir='ltr'><strong>dedit,</strong></span> <span class='ocrx_word' id='word_1_226' title='bbox 684 4225 722 4302; x_wconf 91' lang='lat' dir='ltr'><strong>id</strong></span> <span class='ocrx_word' id='word_1_227' title='bbox 742 4236 801 4303; x_wconf 82' lang='lat' dir='ltr'><strong>est</strong></span> <span class='ocrx_word' id='word_1_228' title='bbox 817 4226 1001 4328; x_wconf 80' lang='lat' dir='ltr'><strong>corrupit3</strong></span> <span class='ocrx_word' id='word_1_229' title='bbox 1030 4218 1219 4319; x_wconf 78' lang='grc' dir='ltr'><strong><em>δεκασμὸς</em></strong></span> <span class='ocrx_word' id='word_1_230' title='bbox 1248 4226 1346 4301; x_wconf 87' lang='lat' dir='ltr'><strong>enim</strong></span> <span class='ocrx_word' id='word_1_231' title='bbox 1375 4238 1431 4302; x_wconf 88' lang='lat' dir='ltr'><strong>est</strong></span> <span class='ocrx_word' id='word_1_232' title='bbox 1460 4253 1540 4303; x_wconf 91' lang='lat' dir='ltr'><strong>ccr-</strong></span> 
     </span>
    </p>
   </div>
   <div class='ocr_carea' id='block_1_10' title="bbox 159 4355 1538 4581">
    <p class='ocr_par' dir='ltr' id='par_1_10' title="bbox 159 4355 1538 4581">
     <span class='ocr_line' id='line_1_31' title="bbox 159 4355 1538 4581; baseline 0.001 -25"><span class='ocrx_word' id='word_1_233' title='bbox 159 4355 322 4557; x_wconf 60' lang='lat' dir='ltr'><strong>mptelil.</strong></span> <span class='ocrx_word' id='word_1_234' title='bbox 342 4478 464 4558; x_wconf 84' lang='lat' dir='ltr'><strong>Schol.</strong></span> <span class='ocrx_word' id='word_1_235' title='bbox 485 4478 531 4556; x_wconf 88' lang='lat' dir='ltr'><strong>ad</strong></span> <span class='ocrx_word' id='word_1_236' title='bbox 552 4476 724 4558; x_wconf 85' lang='lat' dir='ltr'><strong>Aeschin.</strong></span> <span class='ocrx_word' id='word_1_237' title='bbox 742 4475 931 4555; x_wconf 73' lang='lat' dir='ltr'><strong>&#39;limarcn</strong></span> <span class='ocrx_word' id='word_1_238' title='bbox 951 4475 1025 4573; x_wconf 75' lang='lat'><strong>863</strong></span> <span class='ocrx_word' id='word_1_239' title='bbox 1054 4476 1193 4555; x_wconf 82' lang='lat' dir='ltr'><strong>Lexica</strong></span> <span class='ocrx_word' id='word_1_240' title='bbox 1211 4474 1363 4576; x_wconf 80' lang='lat' dir='ltr'><strong>Seguer.</strong></span> <span class='ocrx_word' id='word_1_241' title='bbox 1391 4501 1427 4581; x_wconf 88' lang='lat' dir='ltr'><strong>p.</strong></span> <span class='ocrx_word' id='word_1_242' title='bbox 1450 4480 1538 4557; x_wconf 76' lang='grc'><strong>236.</strong></span> 
     </span>
    </p>
   </div>
   <div class='ocr_carea' id='block_1_11' title="bbox 735 4652 1073 4756">
    <p class='ocr_par' dir='ltr' id='par_1_11' title="bbox 735 4652 1073 4756">
     <span class='ocr_line' id='line_1_32' title="bbox 735 4652 1073 4756; baseline -0.009 -19"><span class='ocrx_word' id='word_1_243' title='bbox 735 4652 812 4737; x_wconf 76' lang='lat' dir='ltr'><strong>aa</strong></span> <span class='ocrx_word' id='word_1_244' title='bbox 828 4653 972 4737; x_wconf 84' lang='lat' dir='ltr'><strong>mse.</strong></span> <span class='ocrx_word' id='word_1_245' title='bbox 1069 4738 1073 4756; x_wconf 65' lang='grc'>,</span> 
     </span>
    </p>
   </div>
   <div class='ocr_carea' id='block_1_12' title="bbox 159 4749 1540 5030">
    <p class='ocr_par' dir='ltr' id='par_1_12' title="bbox 159 4749 1540 5030">
     <span class='ocr_line' id='line_1_33' title="bbox 265 4749 1540 4908; baseline 0.005 -27"><span class='ocrx_word' id='word_1_246' title='bbox 265 4805 389 4883; x_wconf 85' lang='lat' dir='ltr'><strong>Lexic.</strong></span> <span class='ocrx_word' id='word_1_247' title='bbox 418 4803 570 4904; x_wconf 87' lang='lat' dir='ltr'><strong>Segusr.</strong></span> <span class='ocrx_word' id='word_1_248' title='bbox 599 4832 635 4908; x_wconf 88' lang='lat' dir='ltr'><strong>p.</strong></span> <span class='ocrx_word' id='word_1_249' title='bbox 665 4803 763 4879; x_wconf 65' lang='lat' dir='ltr'><strong>aaa:</strong></span> <span class='ocrx_word' id='word_1_250' title='bbox 799 4803 941 4882; x_wconf 87' lang='lat' dir='ltr'><strong>Dicunt</strong></span> <span class='ocrx_word' id='word_1_251' title='bbox 970 4804 1068 4883; x_wconf 85' lang='lat' dir='ltr'><strong>hanc</strong></span> <span class='ocrx_word' id='word_1_252' title='bbox 1096 4750 1383 4889; x_wconf 47' lang='lat' dir='ltr'><strong>neonem-&#39;non</strong></span> <span class='ocrx_word' id='word_1_253' title='bbox 1410 4749 1540 4887; x_wconf 35' lang='lat' dir='ltr'><strong>vocum.</strong></span> 
     </span>
     <span class='ocr_line' id='line_1_34' title="bbox 159 4923 673 5030; baseline 0.002 -26"><span class='ocrx_word' id='word_1_254' title='bbox 159 4924 418 5030; x_wconf 73' lang='grc' dir='ltr'><strong><em>δωροδοκίας,</em></strong></span> <span class='ocrx_word' id='word_1_255' title='bbox 447 4929 513 5008; x_wconf 86' lang='lat' dir='ltr'><strong>sed</strong></span> <span class='ocrx_word' id='word_1_256' title='bbox 533 4923 673 5026; x_wconf 84' lang='grc' dir='ltr'><strong><em>δώρων.</em></strong></span> 
     </span>
    </p>
   </div>
   <div class='ocr_carea' id='block_1_13' title="bbox 266 5052 1193 5158">
    <p class='ocr_par' dir='ltr' id='par_1_13' title="bbox 266 5052 1193 5158">
     <span class='ocr_line' id='line_1_35' title="bbox 266 5052 1193 5158; baseline 0.001 -24"><span class='ocrx_word' id='word_1_257' title='bbox 266 5055 322 5135; x_wconf 74' lang='lat' dir='ltr'><strong>(il.</strong></span> <span class='ocrx_word' id='word_1_258' title='bbox 343 5054 463 5134; x_wconf 83' lang='lat' dir='ltr'><strong>Schcl.</strong></span> <span class='ocrx_word' id='word_1_259' title='bbox 483 5058 522 5134; x_wconf 91' lang='lat' dir='ltr'><strong>in</strong></span> <span class='ocrx_word' id='word_1_260' title='bbox 540 5055 729 5135; x_wconf 87' lang='lat' dir='ltr'><strong>Demosth.</strong></span> <span class='ocrx_word' id='word_1_261' title='bbox 750 5052 913 5158; x_wconf 87' lang='lat' dir='ltr'><strong>Philipp.</strong></span> <span class='ocrx_word' id='word_1_262' title='bbox 932 5053 1000 5153; x_wconf 89' lang='grc' dir='ltr'>ΙΙΙ,</span> <span class='ocrx_word' id='word_1_263' title='bbox 1023 5055 1109 5152; x_wconf 83' lang='grc'><strong>122,</strong></span> <span class='ocrx_word' id='word_1_264' title='bbox 1130 5058 1193 5135; x_wconf 85' lang='grc'><strong>23.</strong></span> 
     </span>
    </p>
   </div>
   <div class='ocr_carea' id='block_1_14' title="bbox 0 0 1722 5790">
    <p class='ocr_par' dir='ltr' id='par_1_14' title="bbox 0 0 1722 5790">
     <span class='ocr_line' id='line_1_36' title="bbox 0 0 1722 5790; baseline 0 3"><span class='ocrx_word' id='word_1_265' title='bbox 0 0 1722 5790; x_wconf 95' lang='lat' dir='ltr'><strong> </strong></span> 
     </span>
    </p>
   </div>
  </div>
 </body>
</html>
