3436 5790
530 430 838 483 connaurnurcs
860 430 911 480 nn
934 427 1011 481 rare.
1033 427 1111 483 rere.
1135 431 1212 485 ruer.
1487 395 1575 487 11111ε

279 620 400 696 Ibid.
422 621 530 712 (766,
555 619 626 711 Ο);
658 618 696 696 si
726 624 807 719 quis
837 621 1064 723 pupillorum
1084 634 1184 701 tutor
1204 622 1380 719 decessit,
1412 631 1566 726 cognati

173 771 303 821 eorum
323 775 342 821 e
364 761 470 848 patre
491 758 528 822 et
547 762 662 823 matre
685 774 800 846 usque
823 750 868 824 ad
889 752 1195 829 consobrinorum
1226 749 1320 826 filios
1349 751 1461 826 alium
1481 778 1568 828 con·

171 873 352 948 stituunto
382 875 479 949 intra
504 874 632 949 decem
653 874 751 964 dies,
781 886 845 951 aut
873 877 1097 953 mulctantor
1126 903 1201 953 una
1230 878 1369 977 singuli
1391 877 1568 953 drachma

171 997 209 1070 in
229 998 393 1097 singulos
414 997 511 1091 dies,
543 998 661 1073 donec
688 995 839 1099 pupillis
861 1001 1118 1076 constituerint
1137 1013 1306 1077 tutorem.

743 1227 819 1308 Ad
837 1229 982 1310 1³⁷0.

277 1389 399 1490 Cyrus
420 1392 464 1467 de
485 1391 601 1467 differ.
625 1403 707 1466 stat.
730 1395 827 1466 456:
853 1387 933 1480 Τῆν
952 1388 1133 1488 ὀρφανὴν
1148 1390 1244 1490 μήτε
1264 1389 1336 1466 τὸν
1356 1397 1567 1489 ἐπίτροπον

169 1522 328 1614 γαμεῖν,
351 1512 446 1610 μήτε
466 1512 537 1588 τὸν
555 1514 628 1589 ταῦ
648 1514 853 1613 ἐπιτρόπου
874 1514 999 1590 παῖδα.
1031 1520 1202 1622 (Pupilla
1222 1544 1341 1619 neque
1363 1521 1473 1594 tutori
1496 1546 1562 1595 nu-

169 1640 253 1732 bat,
285 1667 405 1741 neque
425 1641 556 1718 tuton's
576 1644 684 1734 filio.)

749 1777 826 1863 Ao
844 1778 988 1864 1³⁷⁸.

277 1949 356 2024 Lex
385 1950 477 2024 haec
507 1952 717 2025 continetur
746 1950 1056 2051 insequentibus
1086 1951 1240 2026 oratoris
1261 1951 1406 2029 verbis:
1436 1945 1563 2046 τούτῳ

171 2075 322 2165 (tutori)
342 2070 417 2173 γάρ
435 2071 525 2161 ἐξῆν
544 2069 666 2169 μηδὲν
693 2073 799 2166 ἔχειν
827 2068 978 2146 τούτων
1005 2070 1084 2146 τῶν
1113 2071 1344 2174 πραγμάτων
1368 2053 1560 2171 μισθό-

170 2219 311 2270 σαντι
336 2192 407 2271 τὸν
428 2195 544 2293 οἰκον
563 2195 665 2271 κατὰ
685 2203 866 2271 τουτουσὶ
886 2194 977 2283 τούς
998 2194 1149 2293 νόμους.
1191 2202 1398 2293 (Licuisset
1417 2203 1476 2278 isti
1495 2230 1559 2279 ne·

168 2325 279 2420 gotiis
298 2323 396 2399 hisce
417 2350 543 2402 carere
562 2325 753 2418 omnibus,
783 2326 814 2399 si
834 2352 912 2400 rem
940 2325 1158 2401 familiarem
1188 2326 1260 2416 ita,
1290 2328 1342 2402 uti
1362 2327 1431 2403 hue
1455 2328 1558 2425 leges

161 2448 317 2547 jubent,
349 2449 633 2542 elocasset.)

748 2587 824 2670 Ad
841 2590 974 2672 1³81.

222 2734 244 2763 '⁸
277 2753 443 2849 „Potitus
463 2763 500 2827 et
519 2754 808 2850 Wesselingius,
840 2754 1002 2828 Pollucis
1029 2754 1188 2828 maxime
1207 2755 1420 2831 testimonio
1441 2759 1559 2832 niten-

167 2891 243 2971 teS,
272 2904 371 2954 anno
400 2878 540 2956 decimo
570 2893 702 2956 octavo
717 2881 897 2979 juvenem
916 2881 1136 2978 inscriptum
1157 2881 1294 2956 esseio
1316 2881 1565 2981 Epheborum·

167 3028 380 3088 numerum,
410 3007 587 3082 vicesimo
606 3007 721 3102 igitur
740 3007 860 3079 virum
880 3030 959 3080 esse
980 3006 1133 3113 factum‘
1142 3006 1338 3081 affirmant.
1370 3003 1557 3082 Potiorem

166 3140 291 3205 tamen
310 3143 473 3207 veterem
492 3129 594 3209 illam
605 3130 780 3208 Ubbonis
792 3133 936 3225 Emmii,
959 3131 1103 3229 Sigonii
1123 3131 1354 3230 aliorumque
1375 3157 1456 3208 esse
1476 3157 1558 3209 sen-

166 3257 337 3349 tentiam,
369 3258 430 3355 qui
460 3257 603 3332 decimo
627 3269 766 3333 octavo
787 3283 886 3333 anno
901 3259 980 3357 jam
1001 3258 1097 3332 inter
1115 3258 1215 3331 viros
1234 3257 1381 3333 habitos
1402 3281 1481 3332 esse
1496 3259 1557 3355 ju-

166 3406 279 3455 venes
309 3379 450 3475 dicant,
480 3383 727 3459 illustrissimo
755 3381 1022 3458 Demosthenis
1053 3382 1225 3481 exemplo
1257 3384 1447 3481 probatur.
1491 3381 1557 3456 Se·

166 3519 268 3605 ptem
291 3531 410 3582 annos
429 3518 539 3583 natus
559 3509 639 3597 fuit,
661 3513 745 3583 curn
764 3519 872 3608 pater
891 3508 1087 3583 moriretur
1107 3508 1163 3600 (in
1175 3505 1323 3608 Aphob.
1343 3507 1372 3598 1,
1391 3506 1481 3599 814,
1500 3507 1555 3596 9).

166 3631 233 3708 Vir
253 3631 385 3708 deinde
405 3631 524 3709 factus
544 3635 623 3734 ipse
643 3635 691 3709 ab
705 3632 868 3733 Aphobo
888 3633 1028 3708 tutelae
1047 3659 1115 3732 per
1135 3632 1301 3706 decern
1320 3655 1473 3706 annos
1492 3655 1556 3726 ge-

164 3768 243 3832 stae
274 3757 380 3849 (ibid.
400 3758 489 3853 825,
514 3758 555 3850 1)
584 3759 746 3833 rationes
773 3757 986 3833 reddendas
1004 3758 1171 3857 repetiit,
1199 3767 1236 3832 et
1255 3755 1441 3832 secundus
1460 3769 1556 3830 tuto-

164 3909 243 3957 rum
264 3883 533 3984 Therippides‚
555 3886 614 3960 cui
633 3884 873 3984 septuaginta
893 3883 1075 3959 minarum
1096 3882 1365 3972 ususfructus,
1386 3881 1556 3956 dumille

165 4009 324 4083 virorum
343 4034 495 4084 numero
516 4008 787 4085 adscriberetur
808 4006 878 4099 (ib.
899 4007 989 4101 814,
1003 4007 1086 4101 19),
1107 4007 1254 4103 legatus
1274 4018 1369 4099 erat,
1390 4007 1555 4082 decom

162 4156 397 4209 annorum
427 4158 556 4209 usuras
585 4135 655 4209 sibi
685 4133 889 4236 postulavit
919 4133 987 4224 (ib.
1018 4132 1106 4217 821,
1137 4132 1226 4224 824,
1248 4132 1358 4222 825).
1396 4131 1556 4207 Ineunte

160 4261 275 4358 igitur
293 4285 391 4334 anno
412 4261 715 4336 duodevicesimo
736 4283 820 4333 eum
838 4259 958 4332 virum
977 4258 1118 4332 factum
1139 4281 1219 4331 esse
1239 4255 1556 4356 oportetsequia

160 4398 221 4461 tur
239 4386 324 4462 inde
346 4387 581 4486 pubertatem
603 4384 812 4479 (ἐφηβίαν)
843 4408 941 4460 anno
963 4381 1108 4458 decimo
1128 4394 1234 4459 sexto
1254 4383 1458 4482 incepisse,
1488 4408 1555 4456 ne-

161 4522 360 4611 potemque
381 4511 546 4586 defuncti
559 4511 925 4587 exfiliahereditaria
944 4509 1114 4585 relietum
1134 4507 1277 4583 decimo
1299 4519 1432 4583 octavo
1452 4533 1554 4582 anno

159 4640 311 4712 ineunte
331 4638 391 4712 avi
411 4636 651 4714 hereditatem
671 4636 844 4712 adiisse.“
865 4624 1081 4711 Bunsen:
1101 4637 1158 4710 De
1173 4634 1257 4731 jure
1277 4626 1405 4709 heled
1417 4631 1551 4708 Athen.

160 4791 195 4863 p.
220 4763 387 4838 18--19.

268 4905 324 4980 Of.
345 4903 466 4981 Schol.
487 4906 525 4979 in
545 4905 718 4981 Aeschin.
740 4905 973 5007 Ctesiphont.
997 4906 1093 4995 122,
1123 4903 1160 4977 iu
1180 4904 1261 4978 fals.
1282 4902 1393 4999 legat.
1415 4903 1483 4987 99,
1512 4902 1550 4974 in

161 5031 348 5108 Tinrarch.
372 5032 430 5106 18.
461 5029 583 5108 Schol.
606 5035 643 5107 in
663 5032 813 5109 Lucian.
840 5026 938 5117 Ζεύς
958 5055 1062 5132 τραγ.
1086 5031 1145 5105 26.
1172 5028 1221 5103 Et
1240 5025 1551 5103 Sehmeisser

158 5160 275 5235 Dore
295 5157 442 5235 tutelari
461 5155 753 5234 Atheniensium.
783 5158 981 5255 (Friburgi
1004 5157 1139 5248 1829.)
