3436 5790
166 338 245 410 570
573 355 880 411 consummas
903 356 953 408 sn
975 352 1053 409 uss.
1075 350 1155 406 1¹⁵2.

166 576 313 652 quoque
333 551 558 638 admonere,
587 547 686 646 quod
716 548 918 624 decemviri
947 550 984 624 in
1010 549 1095 624 Xll.
1115 546 1250 623 tabulis
1278 544 1556 621 inusitatissime

166 705 258 757 nox
288 703 358 778 pro
384 688 536 752 noctu
560 671 739 750 dixerunt.
779 673 908 753 Verba
926 674 1019 751 haec
1037 685 1144 749 sunt:
1173 671 1222 748 Si
1249 697 1344 748 nox
1371 669 1556 747 furtum

166 803 352 883 fuctum
382 801 463 892 sit,
492 800 532 872 si
559 798 616 873 im
647 797 849 890 occisit,
872 799 983 896 jure
1013 823 1187 874 caesus
1216 807 1332 872 esto.

753 1005 830 1090 Ad
852 1009 977 1091 1151.

272 1177 430 1274 Diogen.
451 1175 572 1249 Latrt.
594 1176 622 1263 I,
645 1173 715 1247 57:
745 1171 860 1248 Solon
880 1174 1026 1248 statuit:
1058 1199 1152 1272 quae
1172 1199 1246 1246 non
1265 1170 1487 1272 deposuisti,
1508 1196 1555 1245 nc

165 1299 294 1389 tollas3
323 1301 352 1373 si
372 1325 476 1373 secus
495 1299 646 1385 feceris,
676 1294 846 1398 capitale.
864 1287 1040 1372 esto..⁰A
1055 1291 1109 1391 μὴ
1132 1296 1253 1381 f'dou,
1279 1290 1333 1388 μὴ
1354 1289 1490 1388 ἀνέλῃ·
1521 1295 1556 1364 εἰ

165 1423 203 1500 δι’
219 1420 297 1522 μὴ,
330 1418 503 1506 θάνατος
523 1410 542 1510 ἦ
565 1423 690 1517 ζημία.
1053 1518 1054 1521 ¹

275 1566 416 1644 Aelian.
446 1566 534 1642 Vas.
565 1566 648 1642 hist.
679 1568 746 1658 Ill,
777 1567 849 1640 46:
879 1561 1138 1666 Σταγειριτῶν
1168 1560 1303 1659 νόμος·
1342 1551 1457 1649 οὗτος
1485 1565 1554 1632 καὶ

167 1687 287 1776 πάντη
310 1681 557 1778 Ἑλληνικός·
589 1683 680 1784 dmi
704 1695 899 1777 κατέθου,
929 1694 1046 1782 φησί,
1071 1683 1126 1784 μὴ
1151 1684 1336 1784 λάμβανε.
1376 1686 1554 1786 (Stagiri-

165 1828 285 1892 tarnm
307 1815 400 1893 haec
418 1835 473 1891 est
500 1818 559 1892 lex
589 1829 626 1892 et
654 1818 805 1892 omnino
825 1816 989 1893 Graeca:
1019 1814 1127 1909 Quod
1148 1841 1223 1890 non
1245 1813 1471 1914 deposuisti,
1500 1814 1553 1887 in-

166 1942 265 2039 quit,
296 1967 342 2016 ne
363 1940 503 2031 tollas.)

273 2065 385 2142 'Peste
405 2064 535 2143 eodem
558 2065 712 2144 Aeliano
741 2065 870 2161 (Ver.
901 2066 1009 2141 hist.
1041 2065 1231 2159 lv,1,7)
1261 2063 1416 2164 Byblius
1442 2064 1553 2140 homo

163 2190 202 2265 in
222 2191 302 2279 via,
332 2192 362 2265 si
381 2191 512 2267 incidit
531 2192 569 2266 in
589 2193 751 2290 aliquid,
782 2190 872 2268 nihil
902 2191 997 2267 tollit
1024 2217 1172 2282 eorum,
1202 2217 1298 2292 qnae
1323 2217 1398 2269 non
1418 2216 1552 2292 posue·

164 2324 239 2392 rat:
268 2341 344 2393 non
364 2315 460 2393 enim
480 2316 552 2391 hoc
572 2317 785 2408 inventum,
815 2316 880 2390 sed
900 2316 1072 2417 injuriam
1092 2316 1305 2395 arbitratur.

742 2525 818 2611 Ad
839 2529 974 2612 uta.

271 2692 482 2772 Secundum
503 2694 671 2771 Platonis
691 2693 814 2794 Leges
834 2695 945 2787 (87⁴,
966 2693 1016 2784 Β)
1045 2695 1109 2794 qui
1134 2703 1248 2768 noctu
1267 2692 1387 2768 furem
1405 2690 1552 2769 furandi

163 2845 277 2899 cansa
295 2820 448 2896 domum
467 2820 667 2896 intrantem
687 2819 840 2913 occidit,
869 2803 907 2894 et
932 2819 994 2919 qui
1012 2829 1265 2918 grassatorem
1284 2809 1552 2911 (λωποδύτην)

162 2941 369 3021 defendens
388 2946 595 3037 interfecit,
624 2972 738 3046 purus
758 2957 848 3023 estc.

272 3066 386 3168 Apud
409 3069 599 3145 Romanos
626 3081 749 3146 antem
779 3069 894 3147 furem
920 3068 1145 3145 interdiu
1173 3069 1447 3169 deprehensum
1476 3094 1553 3144 non

163 3192 272 3268 aliter
292 3193 459 3270 occidere
480 3195 541 3270 lex
561 3194 757 3272 duodecim
787 3196 994 3272 tabularum
1024 3195 1212 3296 permisit,
1240 3219 1351 3296 quam
1371 3193 1401 3269 si
1420 3191 1495 3271 telo
1514 3214 1552 3270 ss

165 3314 353 3420 defendat.
383 3316 691 3418 (Gajus,-lib.
714 3319 773 3394 13.
803 3319 859 3393 ad
886 3318 1111 3396 Edictum
1138 3319 1478 3420 provinciale,
1507 3319 1551 3395 fr.

164 3441 224 3515 54.
245 3435 279 3540 ᾧ.
299 3441 354 3533 2.)

270 3564 466 3645 Gellius
496 3570 629 3647 Noot.
660 3569 753 3648 Art.
784 3569 851 3664 XI,
875 3570 935 3663 18,
956 3571 1001 3644 8:
1031 3570 1062 3646 E
1083 3570 1216 3647 ceteris
1234 3569 1442 3648 manifestis
1461 3569 1550 3646 furi·

161 3695 233 3770 bus
260 3692 397 3769 liberos
425 3693 617 3771 verberari
645 3695 842 3796 addicique
865 3696 1057 3795 jusserunt
1085 3697 1141 3787 ei,
1171 3696 1230 3772 cui
1250 3696 1393 3796 furtum
1410 3696 1552 3773 factum

163 3829 280 3910 esset,
311 3819 341 3893 si
370 3820 482 3896 modo
509 3819 547 3895 id
575 3820 647 3896 luci
676 3821 853 3896 fecissent
873 3846 994 3922 neque
1014 3846 1053 3896 se
1072 3822 1148 3898 telo
1168 3820 1445 3918 defendissent,
1474 3845 1550 3896 ser·

163 3969 230 4018 vos
249 3944 336 4019 item
355 3943 440 4021 furti
460 3947 647 4023 manifesti
677 3971 832 4047 prensos
859 3949 1078 4025 verberibus
1106 3948 1216 4023 adfici
1237 3960 1274 4022 et
1294 3974 1313 4022 e
1333 3972 1423 4023 saxo
1443 3971 1550 4048 prae-

161 4068 327 4168 cipitari,
349 4069 413 4145 sed
433 4095 570 4170 pueros
589 4071 791 4172 inpuberes
810 4063 995 4173 praetoris
1015 4073 1194 4149 arbitratu
1215 4072 1402 4148 verberari
1422 4071 1550 4148 volne·
1638 4107 1641 4114 ·

161 4203 247 4268 runt
266 4220 474 4294 noxamque
494 4196 542 4273 ab
561 4191 619 4271 his
637 4197 775 4273 factam
795 4201 932 4276 sarciri.
1361 4265 1366 4274 .

270 4317 381 4420 Gaji
412 4323 574 4398 Instit.
607 4307 794 4416 111,‘189:
823 4325 952 4401 Poena
980 4325 1169 4401 manifesti
1198 4324 1286 4402 furti
1314 4349 1333 4400 e
1360 4323 1444 4422 lege
1464 4325 1550 4401 ΧΠ.

162 4445 369 4520 tabularum
390 4447 560 4548 capitalis
580 4461 677 4524 erat:
707 4474 794 4526 nam
812 4450 908 4528 liber
927 4450 1145 4526 verberatus
1165 4448 1407 4524 addicebatur
1426 4449 1471 4543 ei,
1491 4448 1550 4524 cui

163 4573 298 4648 surtunr
322 4573 480 4670 fecerat,
508 4588 630 4652 utrum
650 4588 774 4654 autem
794 4608 924 4657 servus
943 4579 1154 4655 efficeretur
1174 4604 1220 4652 ex
1239 4574 1472 4667 addictione,
1502 4602 1549 4648 an

162 4696 361 4794 adjudicati
388 4699 471 4775 loco
501 4702 808 4797 constitueretur,
833 4719 982 4782 veteres
1003 4703 1253 4803 quaerebant3
1281 4727 1413 4777 servus
1431 4727 1550 4800 aeque

162 4823 377 4899 verberatus
398 4825 609 4900 necabatur.
647 4825 720 4901 Sed
750 4841 881 4928 postea
907 4829 1107 4930 inprobata
1126 4841 1183 4903 est
1202 4828 1384 4929 asperitas
1403 4853 1550 4928 poenae

161 4956 299 5022 ettam
328 4976 347 5022 e
378 4950 475 5022 servi
505 4976 665 5048 persons
695 4978 804 5051 quarn
830 4983 852 5030 0
878 4955 985 5046 liberi
1016 4952 1212 5054 quadrupli
1242 4953 1339 5029 actio
1364 4951 1550 5053 praetoris

162 5070 281 5148 edicto
302 5074 503 5150 constituta
522 5088 588 5151 est.
