3436 5790
404 430 711 485 couuanrrnms
732 431 783 481 sn
804 421 866 480 cn.
886 426 948 484 ιιι.
968 425 1031 483 αι.
1051 428 1114 486 ιιι.
1133 428 1197 488 ιιι.
1419 405 1498 486 tas

110 621 205 723 adeo
225 651 264 701 se
284 627 400 726 gessit
419 626 659 718 insolentem,
689 636 730 699 ut
756 621 795 699 in
826 624 1025 725 conjugale
1055 625 1278 701 domicilium
1298 638 1422 704 scorta
1442 629 1496 703 in·

111 751 282 846 duceret,
303 777 419 852 ecque
439 777 592 831 uxorem
613 751 797 849 adigeret,
818 760 1024 828 matronam
1044 752 1201 850 insignis
1219 751 1436 852 pudicitiae,
1457 765 1498 829 ut

110 875 224 954 domo
243 878 365 954 mariti
384 876 557 954 derelicta
576 875 623 951 ad
649 874 861 952 archontem
892 887 1063 975 questum
1093 878 1183 970 iret,
1213 877 1321 953 sicuti
1349 879 1411 955 lex
1431 890 1497 955 est.

701 1085 776 1167 Ad
805 1087 911 1168 010.

217 1255 429 1356 Hyperides
448 1280 518 1355 pro
537 1254 761 1353 Euxenippo
782 1252 829 1326 a.
856 1245 987 1348 ἀσεβεῖ
1007 1280 1061 1339 τις
1081 1245 1182 1350 παρὰ
1202 1245 1249 1324 τὰ
1270 1246 1371 1348 ἱερὰ·
1399 1279 1497 1354 γρα-

110 1380 182 1469 φαὶ
204 1371 378 1476 ἀσεβείας
398 1381 471 1473 εἰσὶ
490 1373 582 1477 πρὸς
608 1371 679 1450 τὸν
706 1378 874 1473 βασιλέα.
905 1380 1065 1481 (Impius
1085 1392 1142 1455 est
1161 1379 1293 1479 aliquis
1312 1380 1350 1454 in
1370 1406 1495 1476 sacra,

111 1504 310 1606 impietatis
328 1507 494 1583 actiones
512 1529 628 1607 penes
648 1529 775 1602 regem
794 1507 912 1597 sunt.)

219 1647 432 1727 Secundum
459 1647 696 1725 scholiastam
723 1648 762 1722 in
792 1647 983 1725 Demosth.
1008 1645 1199 1727 Adrotiou.
1220 1648 1309 1742 601,
1329 1649 1401 1724 25:
1430 1672 1498 1724 rex

112 1772 372 1851 introducebat
390 1773 590 1874 impietatis
610 1773 776 1848 actiones
796 1774 843 1848 ad
863 1772 1117 1874 Eumolpidas.

217 1897 275 1975 cf.
295 1899 433 1976 Lexica
451 1897 604 1996 Seguer.
625 1923 661 1996 p.
682 1896 770 1972 219.

217 2041 328 2143 Apud
348 2042 665 2119 Lacedaemonios
684 2041 752 2117 soli
771 2066 878 2137 reges
900 2041 1122 2140 judicabant
1140 2040 1187 2117 de
1207 2039 1352 2139 virgine
1372 2050 1493 2142 pater·

111 2193 245 2242 norum
264 2168 428 2243 omnium
447 2170 632 2243 bonorum
651 2167 807 2262 herede,
837 2167 896 2244 cui
915 2166 978 2242 illa
997 2166 1138 2241 nubere
1158 2166 1312 2259 debeat,
1332 2165 1403 2241 nisi
1415 2166 1497 2266 jam

110 2318 133 2367 a
151 2305 257 2392 patre
278 2293 406 2369 luisset
426 2292 662 2393 desponsata.
692 2292 946 2384 (Herodot.
967 2291 1032 2385 Vl,
1054 2291 1115 2386 57,
1138 2292 1196 2385 5.)

699 2502 775 2584 Ad
803 2504 910 2585 010.

216 2669 344 2745 Verba
372 2668 535 2744 Pollucis
563 2668 645 2763 acl
664 2662 831 2761 διανέμει
861 2659 905 2739 τὸ
930 2666 1005 2761 μὲν
1034 2662 1240 2754 διαιτηταῖς
1259 2658 1495 2771 παραδιδούς

110 2794 289 2894 expunxi,
306 2793 392 2894 quia
410 2793 538 2870 arbitri
557 2793 697 2894 publici
713 2818 790 2869 non
806 2790 1025 2894 judicabant
1045 2817 1176 2868 causas
1195 2792 1496 2893 peregrinorum

108 2919 222 3016 igitur
240 2919 499 3019 polemarchus
519 2945 594 2996 non
614 2927 762 3020 poterat
781 2917 863 2993 illas
883 2916 1029 2993 arbitris
1048 2919 1288 2994 committere.

694 3128 770 3212 Ad
802 3128 909 3212 014.

149 3404 152 3410 λ
216 3289 326 3395 Apud
345 3291 662 3371 Lacedaemonios
683 3293 729 3370 de
748 3292 999 3372 contractibus
1020 3290 1160 3396 Ephori
1180 3291 1343 3396 quotidie
1357 3291 1419 3395 jus
1440 3292 1494 3370 di-

109 3417 255 3495 cebant.
276 3419 544 3513 (Plutarch.
564 3417 908 3522 apophthegm.
929 3418 1076 3497 lacon.
1097 3418 1501 3521 Eurycratidae.)

697 3632 773 3714 Ad
801 3632 909 3714 010.

216 3794 273 3875 Ad
291 3794 481 3873 Demosth.
502 3794 549 3874 II.
569 3795 608 3871 in
628 3793 807 3898 Stephan.
829 3796 942 3872 1137.
963 3793 1259 3889 observandum,
1288 3794 1388 3898 quod
1407 3818 1496 3870 cona·

108 3934 166 3999 tra
108 3921 386 4000 tadvocatos
405 3934 495 3998 tunc
515 3921 747 4000 solummodo
775 3922 888 3999 fuerit
906 3922 993 3997 duta
1012 3922 1107 3998 actio
1126 3920 1227 4023 apud
1247 3918 1412 3997 Thermo
1416 3920 1494 3998 t·he

109 4059 185 4142 tas,
214 4047 244 4122 si
265 4059 414 4151 conupt
400 4047 494 4126 telae
513 4049 635 4148 gratia
653 4058 910 4149 acceptassent
928 4046 1146 4151 pecuniam3
1170 4073 1258 4124 nam
1277 4043 1411 4147 fatigia
1429 4043 1502 4189 ad«

108 4184 326 4251 vocatorum
344 4173 421 4251 licit
407 4184 483 4251 tum
502 4185 582 4251 erat
600 4175 817 4276 praemiare.
1223 4199 1227 4204 ⁷

692 4384 769 4470 Ad
788 4385 905 4467 000.

119 4548 122 4573 ³
213 4548 327 4627 Teste
347 4551 643 4651 Harpocratione
663 4549 709 4645 (s.
730 4577 765 4626 v.
787 4543 1071 4647 Παράβυστον)
1090 4546 1344 4626 Undecimvin’
1363 4549 1402 4625 in
1421 4548 1492 4627 Pa·

107 4679 260 4778 rabysto
223 4675 506 4775 tojudicabant.

214 4704 428 4880 Sedundum
439 4800 664 4877 Pausaniam
683 4825 773 4881 vero
793 4800 843 4897 (Ι,
855 4800 906 4875 28
908 4799 1006 4893 ,8)
995 4825 1034 4875 ιιι
1051 4757 1262 4901 Parabysto
1283 4800 1492 4878 levissimae

106 4953 258 5029 prorsus
278 4951 411 5003 causae
430 4926 764 5025 cognoscebantur.

214 5052 271 5129 of.
309 5050 542 5127 Orome:
580 5050 636 5160 De
664 5049 927 5130 undecimviris
947 5048 1243 5129 Atheniensium.
1270 5048 1487 5187 (Dusselo-

106 5174 211 5257 dorv.
243 5165 378 5271 leae.)
