3436 5790
577 385 694 437 sasra
716 384 1033 435 scrnorrsoaronn.
1418 359 1498 438 127

101 565 240 671 μὲνθὴ
261 571 309 650 τά
329 572 522 674 φερόμενα
540 577 760 660 λείπουσιν,
790 571 982 672 λαβοῦσαι
1010 569 1049 646 δὲ
1073 565 1174 649 άλλο
1202 602 1238 647 τι
1262 571 1495 673 κομίζουσιν

106 706 456 803 ἐγκεκαλυμμένον.
496 705 574 774 Καὶ
601 695 669 786 τάς
692 702 767 797 μὲν
795 694 960 791 ἀφιᾶσιν
979 691 1049 789 ἤδη
1068 695 1112 773 τὸ
1132 698 1341 789 ἐντεῦθεν,
1371 707 1494 800 ἑτέρας

108 824 145 899 δι’
166 833 202 912 ἐς
221 823 292 918 τὴν
310 821 766 927 άκρόπολινπαρθένους
786 817 951 929 άφουοιν
970 821 1055 899 ἀντ’
1076 821 1217 904 αὐτῶν.

699 1024 701 1029 ,
937 955 1176 1049 (Pausanias.
1198 956 1225 1051 Ι,
1247 954 1308 1050 27,
1331 956 1386 1048 3.)

759 1062 846 1136 525.

216 1207 391 1308 Virgines
420 1206 515 1282 duae
535 1233 612 1284 non
630 1206 743 1307 longe
763 1233 786 1282 a
804 1204 979 1282 Poliados
1008 1202 1148 1307 templo
1177 1204 1366 1303 habitant,
1397 1232 1491 1306 quae

105 1331 301 1411 Cistiferae
321 1343 511 1435 vocantur.
549 1334 632 1410 Hae
661 1341 802 1408 certum
831 1342 978 1433 tempus
1006 1331 1106 1435 apud
1133 1331 1242 1407 deam
1260 1358 1491 1409 commoran-

104 1470 185 1556 tur;
212 1458 347 1535 deinde
365 1459 430 1535 ubi
449 1458 565 1535 festus
584 1462 663 1552 ejus
683 1457 760 1532 dies
780 1455 951 1546 advenit,
972 1483 1038 1559 per
1056 1469 1204 1534 noctem
1223 1457 1315 1534 haec
1334 1458 1490 1534 faciunt:

104 1585 227 1684 capite
247 1584 400 1677 tollunt,
430 1610 524 1685 quae
550 1584 634 1660 illas
652 1582 846 1659 Minervae
872 1581 1044 1659 sacerdos
1065 1582 1162 1658 ferre
1180 1583 1347 1683 jusserit,
1376 1611 1491 1685 quum

105 1733 227 1806 neque
254 1708 357 1808 ipsa,
396 1708 484 1809 quid
513 1709 710 1785 ferendum
738 1708 821 1802 det,
854 1735 974 1809 neque
1004 1708 1188 1807 virgines,
1231 1707 1319 1808 quid
1348 1708 1490 1803 ferant,

104 1835 234 1908 sciant.
272 1835 340 1909 Est
358 1844 482 1911 autem
500 1835 539 1907 in
558 1835 651 1910 urbe
671 1843 821 1934 septum
849 1832 1057 1935 quoddam,
1087 1858 1164 1908 non
1192 1832 1304 1932 longo
1323 1861 1346 1910 a
1365 1834 1490 1910 Vene-

104 1959 174 2052 ris,
195 1984 290 2059 quae
309 1960 349 2034 in
369 1938 496 2035 Hortis
516 1958 666 2052 dicitur,
686 1970 724 2034 et
742 1959 928 2059 peridem
945 1959 984 2034 in
1004 1961 1173 2035 nativam
1192 1983 1344 2059 specum
1363 1984 1490 2058 quam·

103 2082 192 2159 dam
209 2083 428 2160 descensus:
455 2083 508 2158 ibi
527 2083 798 2160 descendentes
817 2083 984 2184 virgines
1001 2085 1088 2159 illae
1107 2109 1201 2159 onus
1222 2084 1433 2184 deponunt,
1454 2095 1492 2160 et

103 2234 173 2308 pro
203 2232 247 2285 eo
276 2209 377 2285 alind
403 2211 496 2284 item
524 2208 687 2285 velatum
715 2209 870 2284 tollunt:
900 2221 937 2285 et
967 2210 1034 2284 has
1063 2208 1214 2309 quidem
1241 2211 1491 2309 inposterum

102 2334 236 2410 missas
257 2335 419 2431 faciunt3
448 2335 514 2410 sed
534 2363 603 2435 pro
623 2337 694 2410 illis
714 2335 870 2412 totidem
888 2336 979 2410 alias
999 2336 1038 2408 in
1057 2360 1180 2408 arcem
1200 2333 1399 2409 adducunt.

756 2495 843 2569 526.

211 2632 390 2711 Διπάλεια
428 2631 561 2733 ἑορτά,
605 2641 648 2710 έν
680 2623 704 2730 ᾗ
734 2640 876 2709 Πολιεῖ
902 2635 970 2709 Διῒ
996 2630 1136 2709 θύουσι
1168 2635 1490 2734 Σκιροφοριῶνος

101 2756 260 2859 τετάρτῃ
278 2767 339 2836 ἐπὶ
358 2759 461 2839 δέκα.
723 2762 870 2860 (Schol.
890 2764 930 2838 in
949 2763 1138 2865 Aristoph.
1159 2763 1246 2840 Pac.
1269 2767 1380 2859 419.)

755 2925 843 3000 526.

209 3067 374 3171 Diipclia
391 3065 545 3162 festum,
575 3066 615 3141 in
643 3092 716 3167 quo
745 3065 836 3142 dovi
864 3067 967 3143 urbis
984 3069 1166 3145 servatori
1187 3071 1281 3146 fiunt
1299 3094 1404 3146 saera
1424 3070 1487 3146 de·

99 3194 198 3269 cimo
219 3206 351 3292 quarto
372 3193 431 3268 die
450 3189 586 3269 mensis
606 3190 917 3294 Scirophorionis.

755 3357 843 3432 527.

211 3495 414 3592 Βουφόνια
434 3493 566 3596 ἑορτή,
598 3489 620 3588 ἢ
639 3490 771 3601 ἄγεται
792 3491 889 3595 μετά
908 3492 957 3570 τά
974 3492 1182 3593 μυστήρια,
1214 3490 1276 3571 ὅτι
1295 3503 1365 3571 καὶ
1384 3499 1491 3597 βοῦν

104 3619 335 3710 θάουσινείς
353 3614 573 3722 ὑπόμνησιν
590 3623 661 3697 τοῦ
682 3620 831 3722 πρώτου
854 3626 1116 3716 φονευθέντος
1134 3617 1228 3719 βοὸς
1248 3629 1291 3697 έν
1310 3620 1485 3723 ἀκροπό-

101 3755 179 3838 λει,
208 3742 416 3848 ἁψαμένου
435 3748 507 3824 τοῦ
528 3747 695 3823 πελάνου
715 3754 757 3823 ἐν
776 3746 820 3843 τῇ
841 3746 951 3844 ἑορτῇ
972 3746 1050 3820 τῶν
1069 3751 1288 3823 Διιπολίων.

718 3875 863 3969 (SchoL
881 3875 921 3951 in
941 3873 1130 3977 Aristoph.
1152 3876 1249 3952 Nub.
1270 3877 1379 3969 985.)

752 4038 841 4115 527.

208 4185 327 4259 Boum
354 4184 589 4261 mactationis
610 4181 745 4260 festum
765 4180 976 4259 celebratur
995 4189 1081 4282 post
1099 4181 1295 4281 mysteria,
1325 4206 1398 4279 quo
1418 4180 1486 4257 bos

98 4309 312 4386 immolatur
329 4312 367 4385 in
385 4311 601 4386 memoriam
620 4311 731 4409 primi
749 4310 856 4385 bovis
875 4311 913 4383 in
934 4334 1018 4384 arce
1039 4308 1162 4400 occisi,
1191 4309 1253 4405 qui
1272 4305 1485 4407 placentam

100 4436 347 4513 devoraverat
367 4437 462 4513 festo
481 4437 739 4536 Diipoliorum.

739 4580 839 4657 528.

210 4720 289 4795 Τοῦ
302 4716 390 4807 Διὸς
399 4718 470 4795 τοῦ
482 4725 653 4806 Πολιέως
672 4715 815 4819 κριθάς
833 4704 1068 4804 καταθέντες
1087 4723 1148 4792 ἐπὶ
1168 4713 1238 4794 τὸν
1256 4714 1393 4818 βωμὸν
1408 4749 1483 4815 με·

95 4850 278 4948 μιγνένας
298 4857 429 4946 πυροῖς
449 4842 638 4944 οὐδεμίαν
657 4848 789 4941 έχουσι
810 4841 1013 4938 φυλακὴν·
1044 4835 1065 4919 ὁ
1086 4844 1183 4942 βοῦς
1203 4843 1263 4932 δέ,
1294 4837 1342 4919 ὃν
1360 4850 1396 4929 ές
1414 4840 1485 4934 τήν

103 4975 247 5046 θυσίαν
266 4969 532 5070 ἑτοιμάσαντες
551 4970 833 5067 φυλάττουσιν,
863 4966 1022 5044 ἅπτεται
1050 4969 1129 5045 τῶν
1146 4968 1371 5068 σπερμάτων
1390 4998 1482 5063 φοι-

99 5095 177 5172 τῶν
197 5102 256 5172 ἐπὶ
274 5096 347 5175 τὸν
364 5096 521 5198 βωμόν·
547 5102 617 5171 καὶ
638 5088 659 5172 ὁ
680 5095 759 5170 τῶν
777 5100 903 5195 ἱερέων
925 5094 1125 5194 βουφόνος
1144 5093 1265 5190 ταύτῃ
1285 5093 1356 5170 τὸν
1374 5099 1482 5168 πέλε-
