3436 5790
578 371 886 426 COMMENTARIUS
905 368 958 418 AD
980 364 1058 425 ¹⁰32.
1080 369 1158 422 1033.

742 592 817 676 Ad
846 592 990 676 10³2.

278 763 387 867 Apud
407 762 646 854 Plutarchum
665 760 704 836 in
725 760 815 838 Vita
832 755 963 838 decern
983 757 1182 838 Oratorum
1201 763 1251 856 (1.
1263 760 1465 862 Antiphon,
1484 763 1568 861 at),

168 891 330 990 legimus
349 891 445 967 hanc
464 888 689 967 sententiam
708 895 839 965 contra
854 884 1067 987 proditores
1085 885 1219 962 latam:

279 1032 479 1129 „Damnati
508 1043 594 1108 sunt
623 1027 842 1132 proditionis
871 1024 1183 1129 Archeptolemus
1203 1029 1431 1134 Hippodami
1461 1032 1559 1110 filius

168 1156 409 1258 Agrylensis,
438 1181 637 1259 praesens;
666 1153 861 1257 Antiphon
879 1151 1025 1254 Sophili
1045 1154 1143 1230 filius
1160 1153 1431 1249 Rhamnusius,
1451 1183 1556 1257 prae·

168 1308 265 1359 sens.
300 1282 351 1359 Iis
370 1281 464 1360 haee
482 1272 617 1382 lpoena
644 1279 847 1356 constituta
874 1287 949 1373 est,
979 1289 1020 1355 ut
1048 1276 1323 1357 Undecimviris
1354 1278 1557 1379 dedantur,

169 1407 271 1484 bona
290 1432 419 1485 eorum
436 1408 696 1509 publicentur,
725 1404 869 1481 decima
887 1404 1078 1481 Minervae
1098 1417 1337 1503 consecrata;
1365 1425 1477 1508 utque
1497 1432 1557 1499 eo·

167 1560 251 1610 rum
269 1534 380 1612 aedes
399 1535 480 1611 solo
499 1543 723 1635 aequentur,
751 1533 845 1607 etin
865 1531 960 1608 areis
978 1528 1127 1608 termini
1145 1541 1350 1630 ponantur,
1379 1558 1463 1608 cum
1484 1532 1563 1627 hac

167 1659 430 1760 inscriptione:
467 1657 845 1759 Archeptolemi
881 1666 929 1732 et
962 1652 1295 1756 Antiphontis
1332 1656 1552 1757 prodito·

167 1812 274 1863 rum.
304 1783 491 1860 Praefecti
520 1794 644 1861 autem
672 1781 801 1885 populi
831 1781 995 1857 indicem
1025 1792 1267 1881 proponunto
1294 1780 1469 1857 domuum
1495 1805 1555 1856 eo-

167 1937 269 2006 rum;
296 1934 417 2009 neque
437 1909 679 2010 permittitor,
710 1919 751 1981 ut
779 1904 1091 2008 Archeptolemus
1121 1918 1157 1982 et
1186 1903 1379 2007 Antiphon
1401 1904 1556 1999 Athenis

167 2035 296 2111 autin
325 2046 423 2109 terra
452 2032 735 2111 Atheniensium
771 2031 930 2132 imperio
967 2028 1118 2106 subdita
1151 2030 1389 2130 sepeliantur.
1437 2032 1556 2106 Porro

167 2186 279 2261 quum
306 2159 408 2260 ipsos
436 2158 593 2234 infames
621 2158 751 2234 haberi
778 2156 916 2234 debere
936 2153 1268 2257 Archeptolemum
1288 2168 1326 2232 et
1347 2154 1554 2257 Antiphon-

166 2296 262 2379 tem,
290 2296 370 2363 tum
395 2284 457 2385 qui
477 2310 522 2359 ex
541 2285 585 2359 iis
606 2284 684 2360 sive
713 2283 830 2384 spurii
849 2282 928 2358 sive
947 2281 1105 2378 legitimi
1123 2292 1345 2357 nascantur:
1374 2281 1554 2358 infamem

166 2412 277 2488 etiam
297 2437 401 2504 eum,
427 2410 489 2508 qui
509 2434 555 2483 ex
575 2404 856 2508 Archeptolemi
876 2416 914 2481 et
931 2401 1176 2505 Antiphontis
1196 2400 1374 2505 progenie
1394 2405 1554 2511 aliquem

165 2536 411 2638 adoptaverit.
450 2535 555 2611 Haec
574 2531 813 2610 inscribenda
830 2555 912 2608 esse
933 2531 1128 2608 columnae
1147 2529 1321 2613 aeneae.“

741 2696 977 2846 aurosa.

271 2931 448 3008 Cicero
476 2929 530 3006 ad
560 2929 775 3008 Atticum
804 2930 873 3025 (X,
897 2927 1017 3025 1,2]:
1047 2929 1130 3027 Ego
1153 2952 1243 3007 vero
1264 2929 1412 3009 Solonis
1431 2959 1561 3034 popu.

163 3059 251 3134 laris
271 3059 344 3150 tui,
373 3070 413 3132 ut
432 3067 524 3158 puto
545 3056 656 3132 etiam
674 3055 768 3150 mei,
798 3053 923 3154 legem
942 3053 1153 3153 negligam,
1184 3055 1247 3157 qui
1266 3046 1562 3158 capitesanait,

164 3185 193 3259 si
213 3183 333 3282 quiin
353 3182 535 3257 seditione
555 3208 631 3256 non
650 3180 803 3257 alterius
822 3180 939 3256 utrius
963 3182 1080 3281 partis
1099 3180 1239 3257 fuisset.

271 3325 469 3402 Gellius
498 3323 533 3396 N
543 3335 631 3399 oct.
653 3322 748 3401 Att.
780 3322 953 3417 (2,12):
982 3322 1022 3399 Si
1042 3324 1090 3399 ob
1111 3324 1334 3401 discordiam
1352 3326 1550 3404 dissensio-

162 3477 319 3558 nemque
350 3452 484 3529 seditio
514 3460 625 3550 atque
654 3449 833 3527 discessio
863 3449 994 3552 populi
1022 3450 1062 3524 in
1091 3448 1189 3525 duas
1211 3464 1337 3551 partes
1364 3455 1428 3529 fiet
1448 3465 1485 3527 et
1503 3456 1552 3529 ob

163 3604 246 3654 eam
264 3603 415 3654 causam
433 3576 585 3652 irritatis
604 3575 739 3652 animis
758 3576 944 3675 utrimque
965 3601 1069 3652 arma
1096 3576 1289 3676 capientur
1306 3579 1549 3677 pugnabitun

162 3730 254 3805 que,
282 3714 362 3779 tum
390 3703 452 3803 qui
479 3703 518 3777 in
546 3727 592 3777 eo
611 3712 780 3804 tempore
799 3703 838 3777 in
858 3724 978 3802 eoque
999 3724 1088 3777 casu
1106 3701 1226 3777 civilis
1248 3700 1453 3781 discordiae
1473 3728 1549 3780 non

161 3828 327 3905 alterutri
354 3829 452 3928 parti
480 3852 520 3903 se
549 3825 782 3927 adjunxerit,
811 3825 878 3904 sed
906 3825 1091 3903 solitarius
1121 3838 1389 3931 separatusque
1409 3851 1431 3903 a
1450 3852 1549 3908 corn..

163 3956 264 4030 muni
282 3952 379 4029 malo
399 3952 557 4028 civitatis
576 3952 791 4044 secesserit,
819 3952 851 4028 is
880 3952 991 4030 domo
1020 3951 1145 4053 patria
1171 3951 1402 4054 fortunisque
1432 3953 1549 4034 omni·

163 4081 232 4156 bus
251 4087 394 4173 careto,
425 4077 511 4154 exul
532 4077 762 4176 extorrisque
781 4085 871 4155 esto.

200 4262 203 4268 ·
267 4221 567 4298 Plutarchus
595 4231 719 4298 tamur
739 4219 969 4325 (Praecepta
986 4247 1067 4321 ger.
1085 4221 1179 4325 reip.
1199 4224 1381 4319 XXXII.)
1409 4228 1546 4330 impro-

159 4348 341 4426 bathano
360 4346 509 4424 Solonis
528 4346 666 4445 legem,
694 4370 855 4448 namque
875 4373 995 4449 neque
1013 4348 1053 4424 in
1073 4372 1240 4450 corpore,
1260 4351 1389 4451 inquit,
1409 4379 1429 4429 e
1449 4381 1545 4430 mor·

159 4475 210 4552 bo
230 4475 278 4551 ad
297 4474 493 4551 sanitatem
512 4472 689 4550 redeundi
708 4470 855 4549 initium
872 4475 915 4550 fit
931 4473 980 4550 ab
996 4500 1071 4551 una
1088 4486 1196 4575 parte
1215 4477 1395 4579 correptis
1414 4480 1544 4556 morbo

159 4599 351 4695 membris,
371 4600 437 4677 sed
457 4611 545 4694 tum,
566 4626 681 4701 quum
698 4611 801 4676 recte
819 4600 1022 4678 valentium
1041 4601 1203 4702 partium
1222 4603 1418 4703 temperies
1430 4630 1544 4706 prae-

159 4726 289 4803 valens
318 4724 376 4819 id,
405 4725 505 4826 quod
532 4735 688 4802 naturae
715 4724 972 4828 repugnabat,
1001 4724 1175 4828 depellit3
1207 4752 1326 4826 neque
1346 4730 1384 4805 in
1403 4733 1545 4833 populo

160 4851 339 4929 seditione
357 4851 578 4928 conturbato
599 4851 719 4928 minus
747 4875 899 4929 necesse
927 4860 1003 4947 est,
1031 4861 1073 4928 ut
1101 4851 1198 4951 quod
1227 4853 1481 4957 incorruptum
1500 4880 1545 4930 ac

159 5005 290 5055 sanum
307 4977 462 5072 mansit,
492 4977 649 5054 multum
669 4985 968 5079 contemperetur
992 4987 1103 5078 atque
1123 5003 1198 5055 una
1216 4977 1377 5056 habitet:
1404 4979 1543 5055 adhoc

159 5106 255 5181 enim
282 5103 435 5181 confluit
462 5101 642 5204 quidquid
670 5128 848 5186 sanorum
865 5104 1057 5187 hominum
1076 5114 1132 5185 est
1149 5105 1248 5187 idem
1268 5104 1449 5210 sentiens,
1479 5132 1541 5187 eos
