3436 5790
708 429 758 479 ns
777 425 912 480 ponus.
1428 402 1506 481 257

751 617 863 696 1022.

216 757 308 839 Ὅτε
339 759 505 848 πολλοὺς
533 756 866 852 καταδικάζουσιν
885 763 921 835 ολ
943 758 1122 837 δικασταὶ
1153 757 1393 853 ἀποθανεῖν,
1425 759 1504 839 οὐκ

120 893 169 975 εἰς
183 894 284 986 μίαν
302 880 443 990 ἡμέραν
462 886 597 973 πάντες
616 884 869 982 φονεύονται,
892 883 975 962 ἀλλ’
995 895 1155 976 ἕκαστος
1174 887 1381 989 κληροῦται
1403 895 1500 964 καθ’

121 1005 282 1119 ἡμέραν,
312 1014 455 1114 καὶτῷ
476 1018 712 1112 κληρωθέντι
735 1010 905 1101 θάνατος
926 1020 1066 1093 ἐπιέτω.

693 1141 838 1236 (Schol.
859 1143 898 1220 in
921 1140 1156 1245 Aristophan.
1177 1145 1262 1222 Pac.
1284 1145 1394 1238 364.)

755 1325 868 1400 1022.

222 1469 348 1562 Quum
358 1467 507 1570 judices
527 1470 663 1545 multos
682 1468 933 1546 condemnant
951 1469 1093 1569 capitis,
1104 1496 1180 1545 non
1199 1494 1273 1544 una
1292 1469 1351 1545 die
1371 1495 1501 1545 omncs

117 1594 405 1686 interficiuntur,
435 1593 501 1670 sed
521 1593 678 1693 quilibet
696 1595 798 1671 omni
818 1594 877 1671 die
897 1594 1068 1689 sortitur,
1089 1595 1206 1696 etqui
1228 1604 1365 1671 sortem
1386 1592 1499 1671 duxe-

118 1721 182 1816 rit,
213 1744 298 1796 eum
316 1731 537 1823 assequatur
554 1748 664 1797 mors.
754 1829 856 1905 1023

217 1965 402 2045 Ἐκεῖνον
412 2026 423 2060 ,
463 1957 512 2045 οὗ
544 1966 720 2046 θάνατον
749 1962 769 2061 ἧ
800 1966 906 2057 πόλις
943 1975 1139 2073 κατέγνω,
1179 1974 1240 2045 ἐπὶ
1268 1966 1338 2045 τὸν
1365 1964 1501 2068 βωμὸν

115 2094 191 2170 τῶν
220 2090 369 2171 δώδεκα
408 2094 512 2172 θεῶν
547 2095 830 2200 καταφυγόντα
858 2091 976 2170 οὐδὲν
1007 2084 1121 2186 ἦττον
1150 2087 1228 2169 ὑπὸ
1258 2095 1321 2186 τῆς
1359 2093 1500 2182 πόλεως

116 2218 352 2298 ἀποθανεῖν·
380 2217 425 2298 τὸ
454 2220 528 2325 γὰρ
554 2222 632 2303 τῶν
662 2220 792 2323 νόμων
818 2233 898 2310 τοῖς
927 2218 1131 2313 ἠδικηκόσι
1154 2232 1309 2317 τυχεῖν,
1338 2224 1499 2322 τιμωρία

115 2349 227 2425 ἐστίν.
810 2350 991 2454 (Lycurg.
1011 2375 1042 2427 c.
1063 2350 1232 2427 Leocrat.
1253 2345 1286 2450 ξ.
1307 2351 1392 2441 03.)

753 2527 866 2604 1023.

218 2674 276 2768 Is,
305 2699 416 2773 quern
445 2674 577 2750 civitas
604 2673 737 2774 capitis
766 2672 1102 2769 comdemnaverit,
1132 2673 1201 2749 etsi
1220 2673 1267 2748 ad
1287 2698 1388 2748 aram
1406 2670 1497 2749 duo·

114 2797 232 2873 decim
251 2798 404 2876 deorum
423 2798 653 2899 confugerit,
672 2798 914 2877 nihilominus
933 2826 956 2875 a
973 2800 1124 2876 civitate
1143 2801 1254 2877 morti
1274 2799 1392 2876 detur.
1422 2798 1497 2875 Eos

114 2922 231 3018 enim,
269 2925 331 3024 qui
358 2926 495 3026 injuste
525 2936 702 3024 egerunt,
738 2926 842 3026 loges
871 2926 1069 3028 consequi,
1099 2935 1155 3001 cst
1183 2925 1368 3030 supplicio
1396 2924 1497 3030 ipsos

113 3048 219 3126 affici.

745 3156 858 3235 1024.

209 3291 312 3375 Ὅσα
339 3299 417 3374 τῶν
445 3294 691 3397 ἀδικημάτων
719 3295 836 3398 νόμος
855 3330 909 3388 τις
924 3297 979 3399 με)
1000 3297 1149 3401 σφόδρα
1179 3303 1417 3401 περιείληφεν
1438 3306 1495 3379 ἑνὶ

112 3420 272 3523 ὀνόματι
302 3422 628 3529 προσαγορεύσας,
663 3426 783 3523 μείζω
811 3421 849 3500 δὲ
879 3422 1028 3501 τούτων
1055 3458 1110 3514 τις
1141 3423 1347 3518 ἠδίκηκεν,
1377 3422 1494 3502 ἅπασι

113 3545 150 3623 δὲ
181 3540 323 3648 ὁμοίιος
352 3547 488 3645 ἔνοχός
518 3556 642 3638 ἐστιν,
681 3546 903 3655 ἀναγκαῖον
930 3548 1001 3642 τὴν
1028 3553 1106 3628 τῶν
1135 3549 1328 3629 δικαστῶν
1365 3559 1495 3655 κρίσιν

111 3679 412 3752 καταλείπεσθαι
434 3673 671 3782 παράδειγμα
690 3686 769 3764 τοῖς
787 3682 1100 3783 ἐπιγιγνομένοις.

827 3806 1009 3909 (Lycurg.
1030 3833 1061 3884 c.
1082 3807 1253 3885 Leocrat.
1274 3802 1307 3909 ξ.
1329 3809 1386 3905 9.)

746 3986 859 4065 1024.

217 4131 468 4231 Quaecunque
496 4132 640 4208 scelera
666 4133 727 4210 lex
755 4132 940 4233 quaedam
967 4133 1175 4211 accuratius
1202 4159 1278 4209 non
1302 4133 1492 4233 definivit,

109 4256 174 4334 sed
194 4282 268 4332 uno
287 4255 438 4332 nomine
458 4257 645 4358 appellat,
677 4259 707 4334 si
736 4258 818 4359 quis
836 4259 875 4334 in
894 4257 951 4334 his
969 4258 1112 4361 majora
1129 4284 1241 4358 quam
1259 4260 1407 4359 legibus
1426 4289 1489 4340 ex-

109 4382 293 4483 plicantur
321 4380 495 4481 deliquit,
524 4383 770 4484 omnibusque
799 4381 947 4483 legibus
975 4409 1022 4460 ex
1050 4409 1169 4483 aequo
1199 4384 1384 4465 obnoxius
1412 4399 1487 4485 est,

110 4517 258 4609 oportet
270 4503 439 4606 judicum
452 4506 632 4609 judicium
649 4508 809 4609 relinqui
828 4507 1044 4614 exemplum*
1059 4507 1229 4614 posteris.
