3436 5790
230 361 322 449 Μ
490 420 516 441 .1
580 397 890 457 conummaeus
908 393 963 449 sn
983 393 1166 449 aras.·1ue.
1188 388 1268 445 raas.
1302 411 1306 421 ·

228 587 304 663 lam
331 589 384 664 rei
413 588 582 663 militaris
611 587 782 688 peritiam
811 586 1005 665 baberent.
1022 605 1027 625 ’·
1044 588 1173 686 ltaque
1203 583 1522 662 consentientibus
1541 585 1619 662 fere

230 711 386 788 Graecis
417 712 589 788 omuibus
618 713 702 788 illos
730 713 820 789 Jovi
846 722 1171 791 comecravenmt
1208 709 1361 809 Neque,
1389 735 1505 810 quum
1523 710 1624 786 Xer·

228 864 294 914 xes
313 838 348 912 in
372 835 568 913 Graeciam
596 839 808 939 irrupisset,
839 839 974 914 milites
1004 839 1172 915 conferre
1198 847 1286 912 sunt
1304 834 1443 928 coacti,
1473 831 1540 910 sed
1559 846 1617 909 ut-

228 971 316 1062 pote
346 963 454 1038 Jovis
482 962 693 1039 sacerdotes
722 958 970 1063 ludorumque
997 958 1206 1056 (iuratores,
1242 963 1425 1037 immunes
1454 959 1617 1035 luerunt.

230 1087 310 1180 Nec
328 1113 434 1162 secus
452 1088 491 1163 in
514 1088 687 1166 civilibus
706 1087 936 1166 Graecorum
957 1089 1086 1181 bellis,
1115 1088 1213 1165 ullus
1242 1086 1295 1163 eis
1319 1110 1482 1186 uuquam
1503 1084 1616 1160 mole-

227 1211 337 1288 stiam
356 1211 539 1289 facessere
559 1215 751 1309 sustinuit,
784 1240 899 1315 quum
927 1216 1091 1292 universi
1119 1213 1265 1291 illorum
1291 1210 1485 1313 regionem
1504 1233 1549 1285 ac
1568 1209 1617 1285 civ

226 1335 381 1417 vitatem
409 1351 685 1417 sacrosanctam
705 1353 742 1418 et
760 1339 1014 1418 inviolabilem
1047 1338 1234 1417 custodire
1253 1335 1458 1440 studerent.
1488 1332 1620 1428 (Dio-

228 1458 324 1537 dor.
353 1460 500 1539 Sioul.
531 1463 637 1559 VIII,
661 1464 715 1557 l.)

675 1652 680 1667 ’
805 1657 883 1740 Ad
900 1658 1045 1741 1250.

336 1821 493 1897 Pausan.
523 1823 569 1912 V,
589 1822 625 1914 9,
646 1824 681 1913 2,
710 1825 763 1898 ita
791 1822 968 1900 describit
996 1822 1149 1923 calpen:
1179 1821 1393 1898 Utebantur
1421 1820 1460 1894 in
1491 1818 1619 1919 oalpss

228 1945 427 2022 certamine
448 1950 632 2046 equabus,
663 1975 682 2024 e
712 1950 846 2048 quibus
872 1949 942 2027 sub
970 1960 1175 2028 extremam
1207 1973 1337 2023 cursus
1355 1940 1502 2046 {metam
1522 1942 1618 2019 desi·

226 2070 358 2147 lientes
377 2096 560 2166 sessores,
590 2074 775 2174 prehenso
804 2101 891 2151 suae
920 2074 1079 2175 quilibet
1105 2098 1223 2172 equae
1243 2071 1369 2164 freno,
1400 2095 1485 2145 eum
1504 2093 1617 2167 equa·

174 2272 177 2279 ,
228 2192 298 2271 bus
318 2194 567 2273 decurrebant
570 2254 694 2274 .....
715 2199 845 2301 Apene
875 2210 999 2279 autern
1028 2198 1147 2275 mulos
1172 2224 1241 2298 pro
1261 2197 1367 2296 equis
1386 2195 1559 2295 bigarum
1580 2193 1619 2269 in

228 2343 369 2395 morem
389 2319 564 2397 babebat.

803 2423 881 2509 Ad
902 2425 1047 2510 ΜΘ.

336 2587 449 2664 'l'este
470 2589 657 2667 Pausania
676 2590 745 2686 (V,
767 2592 802 2684 9,
823 2592 949 2684 4-·6)
976 2591 1284 2691 quinquagesima
1302 2588 1529 2693 Olympiade
1551 2587 1616 2663 du-

229 2712 381 2788 umviris
402 2739 447 2789 err
466 2714 549 2815 ipsa
568 2715 741 2792 Eleorum
765 2715 913 2792 civitate
942 2726 1076 2791 sorte
1106 2715 1227 2791 ductis
1246 2715 1509 2816 Olympiorum
1530 2738 1619 2790 cura

227 2838 404 2915 mandata
433 2851 499 2914 est.
538 2839 665 2916 Serius
693 2864 830 2915 novem
857 2838 1125 2916 Hellanodicaa
1152 2839 1310 2916 instituti
1340 2852 1438 2916 suut.
1477 2840 1616 2916 Eorum

228 2974 304 3040 tres
333 2962 378 3039 de
408 2990 584 3064 equorum
613 2992 743 3059 cursu,
774 2965 929 3042 totidem
958 2966 1020 3043 alii
1049 2964 1095 3041 de
1125 2966 1381 3067 quinquertio,
1410 2963 1544 3064 reliqui
1572 2962 1617 3037 de

229 3089 361 3165 ceteris
380 3089 641 3168 certaminibus
661 3090 949 3190 cognoscebant.
980 3093 1118 3168 Postea
1134 3089 1284 3168 additus
1304 3103 1360 3168 est
1377 3089 1542 3167 decimum
1561 3088 1615 3165 lu-

229 3212 361 3289 dorum
381 3214 599 3314 praefectus.
637 3214 767 3294 Tertia
794 3243 913 3318 supra
936 3216 1176 3293 centesimam
1205 3216 1245 3292 in
1272 3216 1391 3293 tribus
1420 3214 1616 3292 duodecim

230 3336 311 3414 Elei
330 3339 506 3441 descripti
520 3351 620 3437 sunt,
640 3368 797 3443 quarum
814 3341 984 3442 singulae
1003 3368 1112 3419 suum
1130 3338 1617 3419 dederuntHellanodicam.

230 3463 335 3545 Bello
364 3461 548 3543 Arcadum
576 3467 707 3545 afflicti
735 3479 869 3570 quarta
896 3479 935 3544 et
961 3468 1166 3545 centesima
1183 3466 1409 3571 Olympiade
1438 3467 1476 3541 in
1495 3465 1616 3542 tribus

230 3599 315 3664 octo
335 3591 515 3666 contracti
540 3602 647 3684 sunt,
677 3578 905 3694 totidemque
932 3589 1156 3689 legebantur
1184 3591 1460 3671 Hellanodicae.
1500 3590 1618 3665 res-a

229 3714 452 3818 Olympiade
473 3717 650 3817 pristinus
670 3729 726 3794 est
744 3719 908 3796 virorum
927 3719 1056 3795 decem
1075 3742 1249 3797 numerus
1268 3719 1477 3813 restitutus,
1503 3717 1616 3794 idem·

230 3868 301 3940 que
320 3841 367 3916 ad
388 3843 594 3920 Pausaniae
613 3869 729 3943 usque
749 3852 911 3922 aetatem
927 3845 1142 3946 permansit.
1421 3836 1426 3845 ’

806 4070 1042 4160 aureos.
1137 4033 1177 4172 J

338 4238 497 4317 Paruan.
525 4238 572 4331 V,
599 4240 635 4333 6,
667 4237 793 4314 7--82
822 4239 909 4318 Non
941 4250 1064 4317 umen
1093 4237 1367 4342 deprehensam
1394 4261 1475 4314 esse
1504 4234 1618 4315 ullam

230 4363 428 4464 perbibent
456 4376 605 4466 praeter
631 4391 744 4444 umam
763 4363 1040 4468 Gallipatiram,
1071 4391 1185 4466 quam
1203 4364 1266 4443 alii
1286 4362 1531 4443 Pberenicem
1550 4389 1615 4439 no·

231 4492 384 4568 mittant
422 4490 528 4568 Haeo
556 4490 635 4569 viro
663 4491 780 4593 ipsius
807 4503 972 4586 mortuo,
1005 4517 1089 4568 cum
1118 4489 1214 4567 virili
1233 4500 1366 4567 ornatu
1384 4487 1616 4566 exercitatio·

232 4640 319 4693 num
337 4641 379 4691 se
397 4617 616 4718 magistrum
633 4617 839 4709 simulans,
860 4617 1115 4695 Pisirrhodum
1143 4616 1260 4692 lilium
1285 4617 1326 4693 in
1345 4627 1534 4693 certamen
1554 4613 1615 4690 de·

232 4737 334 4815 duxit
353 4740 590 4843 Olympiam3
612 4744 766 4842 jamque
787 4768 832 4819 eo
853 4745 1026 4822 vincente
1051 4741 1300 4847 sepimentum
1319 4740 1378 4835 id,
1407 4766 1481 4843 quo
1500 4740 1614 4841 magi·

233 4878 326 4942 atros
345 4869 517 4944 seclusos.
532 4867 683 4961 habeut,
702 4867 919 4969 Callipatira
934 4869 1150 4946 transiliens
1168 4866 1311 4944 nudata
1328 4877 1395 4944 est
1424 4866 1615 4943 Feminam

231 5001 354 5069 temen
374 4993 541 5091 agnitam
555 4993 828 5071 omnicrimine
848 4994 1073 5088 liberarunt,
1102 4992 1202 5094 quod
1229 4992 1357 5071 datum
1381 5004 1439 5071 est
1457 5018 1505 5070 ex
1518 4993 1615 5094 judi·

232 5134 315 5191 cum
335 5119 521 5218 aequitate
548 5117 683 5219 patris,
713 5121 870 5199 fratrum
898 5132 935 5199 et
964 5120 1027 5197 lilii
1057 5119 1309 5214 reverentiae,
1338 5119 1402 5221 qui
1421 5144 1550 5199 omnes
1567 5144 1614 5199 ex
