3436 5790
179 350 262 428 002
626 361 935 418 COMMENTARIUS
954 360 1008 413 ao
1029 353 1109 413 15⁰⁸.

182 566 214 644 si
231 590 364 644 usuras
381 559 614 661 exegissent,
639 558 685 636 de
701 556 761 633 his
777 552 977 633 reddendis
996 577 1063 655 per
1080 566 1214 630 manus
1232 549 1474 652 injectionem
1492 568 1577 633 oum

183 693 240 770 eis
254 701 440 792 ageretur.
470 685 791 792 (Ga-ji'lnstit.
810 683 878 778 IV,
899 682 983 775 20.)

756 895 833 980 Ad
851 894 995 981 1508.

291 1067 554 1168 Harpocratio:
572 1053 630 1137 ”A
641 1085 786 1136 στικτ
797 1087 854 1169 ουν
866 1086 899 1159 χ
910 1062 996 1158 ωρί
1007 1089 1028 1135 ο
1040 1088 1063 1135 ν
1080 1057 1126 1135 τὸ
1142 1056 1197 1158 μή
1218 1053 1486 1161 ὑποκείμενον
1505 1058 1577 1136 δα-

184 1191 313 1289 νειστῇ
323 1216 331 1233 ·
361 1185 458 1266 ὅταν
476 1183 551 1292 γὰρ
569 1180 782 1278 ὑποκέηται
793 1180 976 1277 [εἴωθεν
1003 1177 1024 1261 ὁ
1054 1185 1231 1273 δανείσας
1251 1182 1348 1263 αὐτὸ
1368 1184 1489 1263 τοῦτο
1509 1183 1578 1278 δη-

184 1314 285 1395 λοῦν
302 1309 625 1419 διαγραμμάτων
647 1309 822 1391 ἐπόντων
847 1311 903 1413 τῷ
922 1314 1079 1413 χωρίῳ·
1107 1308 1153 1389 τὸ
1172 1310 1209 1388 δ’
1229 1309 1329 1391 αὐτὸ
1347 1315 1418 1388 καί
1436 1319 1496 1390 ἐπ’
1515 1315 1579 1389 οἰ-

184 1446 275 1532 κίας
307 1443 468 1548 γίνεται.
507 1441 670 1544 (Ager'
699 1441 942 1520 creditori
973 1467 1067 1519 non
1095 1442 1362 1537 obnoxiant
1398 1443 1582 1544 namqui

187 1569 374 1651 obnoxius
391 1580 492 1667 erat,
521 1594 591 1672 per
612 1569 807 1672 impositas
827 1568 1100 1672 inscriptusque
1118 1568 1336 1647 columellas
1354 1593 1378 1645 a
1395 1568 1582 1647 creditore
1658 1669 1663 1680 .

186 1697 462 1799 dedgnebrtm.
498 1694 678 1798 Idemq'ue
695 1697 736 1773 in
759 1695 915 1774 aedibus
933 1695 1015 1773 fieri
1032 1694 1208 1790 solebat.)

297 1820 432 1898 Pollux
441 1822 588 1917 ulam
608 1822 807 1899 Terminus
825 1813 956 1919 (ὅρος)
975 1833 1055 1899 erat
1072 1820 1176 1922 lapis¹
1189 1832 1254 1898 aut
1272 1820 1449 1899 columne
1466 1845 1580 1920 quae·

186 1949 274 2027 dem
293 1947 526 2042 ostenderes
546 1944 648 2046 quod
675 1946 907 2025 locusesset
933 1971 1020 2024 aere
1039 1946 1162 2023 alieno
1182 1945 1393 2024 obstrictus
1429 1949 1488 2025 De
1507 1946 1582 2025 hoo

160 2083 312 2169 ‚autem
341 2071 519 2150 dicebant
545 2072 684 2150 locus
711 2071 1284 2170 signatusesttdostxdor
1311 2065 1582 2169 τὸ·χωρίον);

187 2210 230 2276 ut
247 2197 473 2277 contrariam
499 2196 582 2298 ejus
609 2207 686 2292 est,
714 2222 809 2275 non
837 2199 1069 2298 signatus
1097 2187 1336 2293 (ἄστικτον).
1372 2200 1495 2277 Locus
1514 2225 1581 2277 au-

188 2337 266 2403 tem
284 2349 370 2402 aere
388 2324 512 2403 alieno
532 2324 731 2401 obstrictus
750 2325 863 2401 etiam
881 2326 1154 2427 oppignoratus
1174 2313 1582 2421 (detestandorum

297 2448 354 2531 cf.
384 2447 519 2530 Schol.·
536 2448 577 2526 in
603 2448 798 2528 Demosth
827 2446 1020 2550 Aristogit
1051 2448 1140 2546 tet,
1164 2449 1223 2528 11.
1259 2450 1399 2529 hexica
1426 2447 1582 2550 Seguer.

189 2608 216 2767 ι.)
263 2748 264 2753 ¹
296 2702 533 2807 Exempla
551 2700 775 2779 termini:
799 2691 891 2774 Ἐπὶ
913 2694 1162 2799 θεοφράστοο
1180 2677 1371 2801 ἄρχοντος
1390 2694 1480 2800 ὅρος
1494 2727 1581 2797 χω-

191 2831 279 2929 ρίου
306 2824 416 2927 τιμῆς
443 2828 736 2921 ἐνοφειλομένης
765 2819 1026 2925 Φανοστράτῳ
1046 2828 1332 2914 necarem
1355 2827 1414 2924 (id
1434 2838 1492 2907 esr
1518 2821 1581 2902 δι-

192 2955 353 3053 σχιλίων
372 2947 597 3052 δραχμῶν),
1239 3053 1240 3056 ¹

300 3080 373 3158 Hic
399 3078 581 3157 terminus
609 3078 752 3179 positus
777 3086 834 3156 est
852 3078 902 3157 ob
921 3080 1080 3182 pretium
1100 3082 1207 3161 fundi
1226 3081 1342 3186 empti
1359 3106 1436 3165 non
1454 3105 1582 3159 nume·

193 3217 335 3302 ratum,
362 3202 429 3282 sed
458 3201 623 3281 debitum
651 3204 705 3297 ei,
732 3230 756 3281 a
782 3232 857 3308 quo
885 3215 1030 3309 emptus
1058 3218 1159 3302 erat,
1186 3207 1581 3287 PhanostratoPaea·

193 3332 324 3410 aiensi.
352 3327 617 3423 (Boeckhii
645 3354 772 3434 corp.
800 3331 945 3410 inser.
973 3357 1038 3433 gr.
1067 3335 1096 3411 1.
1125 3334 1190 3412 Nr.
1210 3333 1321 3428 530.)

292 3447 412 3553 Ὅρος
440 3453 570 3538 οἰκίας
599 3456 832 3552 πεπραμένης
867 3457 928 3530 ἐπὶ
966 3450 1072 3531 λύσει
1104 3459 1372 3535 πεντακοσίων
1399 3452 1586 3556 δραχμῶν

189 3575 418 3682 Ἀρχεδήμῳ
446 3581 607 3682 Λίγιλεῑ.
953 3673 956 3679 ¹

300 3707 481 3802 Debitor,
509 3707 572 3807 qui
601 3708 680 3783 500
706 3707 901 3787 drachmas
930 3708 1095 3787 debebat
1122 3708 1376 3805 Archedemo,
1393 3795 1397 3801 ,
1414 3711 1585 3790 vendidit

195 3835 283 3913 huic
311 3832 460 3912 domum
490 3858 535 3912 ea
552 3832 787 3930 conditione,
817 3847 858 3911 ut
877 3834 1031 3914 redditis
1052 3835 1130 3911 500
1148 3836 1355 3930 drachmis,
1384 3838 1585 3927 redimeret

195 3987 301 4038 suam
320 3958 482 4036 domum.
512 3956 675 4052 (Rosst
703 3960 774 4037 Die
794 3963 942 4038 Demen
962 3986 1037 4036 von
1056 3957 1196 4039 Attika.
1216 3965 1281 4041 Nr.
1303 3962 1386 4057 33.)

294 4073 413 4182 Ὅρος
427 4083 580 4184 χωρίου
598 4085 668 4157 καί
693 4085 844 4173 οἰκίας,
873 4077 1099 4182 ἀποτίμημα
1118 4081 1225 4160 παιδὶ
1244 4078 1406 4187 ὀρφανῷ
1427 4078 1584 4193 Διογεί-

196 4236 310 4295 τονος
329 4208 612 4309 Προβαλισίου.

305 4336 449 4437 Aliquis
477 4363 591 4440 quum
618 4339 719 4415 bona
739 4336 804 4416 filii
832 4339 914 4417 orbi
932 4339 1154 4449 Diogitonis¹
1166 4339 1214 4418 ab
1233 4339 1411 4417 archonte
1430 4352 1467 4417 et
1485 4352 1583 4420 tuto·

198 4460 299 4540 ribus
318 4460 560 4561 conduceret,
590 4464 783 4566 praedium
798 4467 801 4476 '
814 4491 898 4543 cum
917 4466 1028 4544 domo
1047 4492 1115 4569 pro
1135 4450 1455 4545 bonis‘oorrductis
1475 4470 1583 4571 oppi-

198 4587 381 4686 gneravit.
409 4589 647 4684 (Boeckh
664 4616 791 4694 corp.
809 4592 958 4670 inscr.
978 4595 1007 4670 Ι.
1028 4592 1092 4669 Nr.
1115 4592 1226 4684 531¹.)

297 4720 416 4828 Ὅρος
435 4732 565 4816 οἰκίας
583 4734 654 4806 καὶ
671 4728 801 4824 κήπου
822 4722 1156 4835 ἆποτετιμῇμένων
1173 4708 1305 4830 sociat
1322 4761 1369 4831 πῃ
1377 4731 1585 4836 ’Διοδώρου

203 4854 367 4956 θυγατρί
387 4854 660 4954 Καλλιστράτη.
688 4862 763 4956 Qui
782 4863 935 4943 Diodori
953 4855 1070 4942 'filiam
1088 4853 1193 4941 duxit
1206 4860 1504 4966 in‘uxorem'pro
1524 4893 1584 4944 ac·

201 4984 422 5187 cepmgdfss
435 4984 699 5214 οὲρὶξοὲἓορὶί
725 4987 884 5068 surdum
902 5004 940 5069 et
957 4991 1115 5070 hortum.
1153 4990 1314 5084 (Rossz
1342 4984 1583 5096 inscript‘gr.

424 5165 434 5185 .
491 5163 501 5200 ,
549 5170 556 5186 .
630 5170 639 5188 .
