3404 5782
141 392 219 474 542
479 404 788 472 comusscssms
807 419 861 469 sn
881 416 944 470 sar.
964 414 1027 472 sac.
1046 418 1109 473 sos.
1130 418 1200 473 ενι.

138 613 371 713 acciperent,
401 611 683 686 confabulantes
703 608 842 685 selina
861 609 1099 688 inconcione
1126 603 1244 703 (ὅσοι
1267 601 1356 702 πρὸ
1379 604 1553 701 τοῦμὲν,

140 726 248 825 ἡνίκ’
285 731 359 809 ἔδει
389 735 567 832 λαβεῖν
603 727 796 839 ὀβολὸν
826 728 1016 830 μόνον,
1053 732 1247 839 καβῇντο
1290 729 1553 825 λαλοῦντες);

138 888 238 951 nuuc
260 872 387 940 autem
404 859 605 939 triobolum
622 862 795 961 accipere
823 862 1032 962 postulant,
1063 889 1178 963 quum
1198 860 1365 961 aliquid
1387 862 1551 962 publicae
1607 860 1608 904 ³

138 987 193 1085 rei
220 986 361 1065 faciunt
388 988 509 1079 (νυνὶ,
527 979 566 1062 δὲ
594 980 812 1082 τριώβολον
840 982 995 1075 ζητοῦσι
1026 987 1184 1084 λαβεῖν,
1216 977 1332 1058 ὅταν
1368 980 1551 1079 πράττωσί

137 1138 174 1185 τι
193 1104 367 1202 κοινόν).

725 1228 802 1313 Ad
825 1232 941 1313 00⁷.

244 1393 483 1495 Aristophan.
515 1394 629 1496 Vesp.
659 1395 757 1468 691:
794 1387 912 1477 αὐτὸς
941 1389 980 1467 δὲ
1019 1396 1120 1488 φέρει
1161 1388 1206 1465 τὸ
1252 1391 1548 1496 συνηγορικὸν,

138 1514 325 1615 δραχμήν.

244 1661 512 1760 intelliguntur
531 1655 737 1762 συνήγοροι
756 1686 822 1736 seu
841 1686 1036 1736 causarum
1063 1663 1238 1761 patroni,
1272 1664 1346 1761 qui
1370 1691 1397 1739 a
1418 1663 1549 1765 populo

137 1787 331 1863 mandatas
349 1787 420 1862 sibi
438 1811 571 1862 cauam
591 1785 751 1861 orabant
768 1784 869 1886 apud
890 1786 1059 1886 judices,
1088 1787 1228 1885 quique
1251 1813 1456 1865 manuum
1475 1817 1549 1891 por·

137 1914 302 1989 rectione
322 1911 559 1987 creabantur.
584 1911 642 1985 De
662 1910 719 1984 his
736 1909 837 1984 enim
856 1907 946 1987 dicit
965 1910 1239 2011 Harpocratio:
1273 1913 1450 1985 ἐοίκασι
1472 1920 1549 2008 παρ’

132 2029 363 2125 Ἀθηναίοις
387 2035 486 2118 τινὲς
510 2037 824 2129 χειροτονεῖσθαι
854 2030 1059 2135 συνήγοροι
1086 2038 1145 2108 ἐπὶ
1166 2032 1222 2130 τῷ
1244 2036 1551 2138 συναγορεύειν.

724 2262 801 2347 Ad
822 2265 937 2346 008.

243 2428 482 2532 Aristophan.
513 2430 627 2530 Vesp.
658 2430 755 2503 689:
784 2421 967 2512 dccccliv
995 2419 1106 2524 ώμών
1132 2421 1307 2526 ὕστερος
1338 2429 1455 2525 ἔλθῃ
1484 2429 1552 2503 του

137 2555 316 2650 σημείου,
345 2549 390 2626 τὸ
421 2548 636 2651 τριώβολον
664 2548 712 2627 οὐ
742 2563 947 2649 κομιεῖται.
985 2555 1227 2656 (Quicunque
1261 2568 1453 2634 vestrum
1475 2571 1552 2660 post

136 2679 262 2756 datum
282 2681 431 2777 signum
450 2681 614 2774 venerit,
635 2680 834 2756 triobolum
853 2707 929 2755 non
949 2681 1136 2782 accipiet.)

722 2906 798 2991 Ad
822 2910 937 2991 960.

243 3073 298 3150 Of.
318 3071 637 3148 Commentarium
656 3071 702 3147 ad
723 3069 756 3171 ξ.
777 3073 866 3148 222.

722 3299 799 3381 Ad
818 3302 934 3384 072.
1040 3371 1042 3376 ,

242 3466 364 3545 Schol.
384 3469 423 3543 in
443 3467 636 3543 Demosth.
656 3468 701 3542 dc
722 3466 995 3542 contributione
1016 3496 1051 3566 p.
1074 3467 1169 3541 166:
1197 3469 1380 3566 Πρῶτος
1402 3481 1555 3562 ἐκεῖνος

135 3588 374 3690 (Περικλῆς)
394 3590 502 3681 ἔταξε
515 3587 774 3687 μισθοφοράν
791 3596 860 3663 καὶ
881 3588 1000 3664 ἔδωκε
1019 3587 1072 3688 τῴ
1094 3587 1202 3689 δήμῳ
1225 3609 1553 3700 στρατευομένῳ.

134 3709 301 3813 (Primus
320 3718 390 3794 fuit
408 3719 589 3812 Pericles,
620 3720 683 3819 qui
703 3716 930 3820 stipendium
949 3718 1136 3794 ordinavit
1155 3719 1353 3823 deditque
1377 3731 1553 3807 militanti

135 3844 306 3946 populo)
823 3854 841 3865 ”
876 3854 895 3863 ’“
939 3859 943 3868 ‘

241 3985 563 4087 Thucydide-s
593 3989 659 4081 ΙΙΙ,
686 3988 753 4060 17:
786 3981 868 4074 Την
890 3982 1110 4058 Ποτίδαιαν
1138 3981 1369 4087 δίδραχμοι
1393 3989 1552 4072 ὁπλῖται

134 4108 355 4208 ἐφρούρουν
383 4101 511 4207 (αὐτῷ
539 4107 613 4213 γάρ
642 4115 711 4183 καὶ
741 4100 903 4207 ὑπηρέτῃ
932 4107 1108 4208 δραχμὴν
1132 4106 1348 4210 ἐλάμβανε
1367 4121 1441 4211 τῆς
1464 4117 1552 4220 ἦμέ-

134 4243 232 4334 ρας).
271 4237 314 4314 Id
335 4250 410 4314 est:
439 4238 653 4315 Potidaeam
684 4240 908 4315 obsidebant
926 4241 1060 4316 milites
1081 4239 1189 4315 binas
1210 4240 1436 4327 drachmas
1458 4254 1552 4329 diur-

76 4336 87 4359 ⁶
134 4386 201 4440 nas
221 4374 406 4439 merentes
435 4366 594 4458 (etenim
624 4365 693 4441 sibi
723 4365 877 4466 quisque
902 4390 1033 4459 unam,
1063 4366 1220 4441 alteram
1242 4396 1323 4468 pro
1345 4376 1498 4455 famulo
1516 4382 1551 4454 in

133 4487 231 4565 diem
251 4488 489 4589 accipiebat).
1120 4503 1124 4513 '

240 4629 473 4733 Stipendium
493 4644 619 4709 tamen
639 4661 708 4735 pro
726 4636 869 4712 ratione
890 4624 1110 4739 'temporum
1130 4644 1167 4708 et
1186 4630 1482 4738 hdjunctdru'm'
1497 4646 1549 4723 di·

133 4783 282 4833 versum
302 4769 389 4833 erat.
427 4759 700 4836 Demosthenes
720 4763 770 4856 (I.
791 4748 876 4836 adv.
896 4742 1058 4861 Philipp.
1080 4788 1115 4860 p.
1136 4761 1212 4856 47)
1234 4772 1457 4869 proponit:
1484 4773 1547 4847 ἵνα

134 4876 227 4954 δέκα
246 4877 454 4978 scripsistis
473 4872 495 4955 ὃ
516 4879 741 4981 στρατιώτης
761 4880 935 4981 δραχμὰς
955 4885 1165 4982 σιτηρέσιον
1180 4876 1450 4976 λαρβἅνιϊελ*
1477 4896 1549 4968 ‘'m·

132 5008 241 5083 binos
260 5031 329 5109 per
347 5006 444 5084 diem
463 5007 609 5097 obolos,
641 5035 716 5084 non
735 5022 949 5111 computata
968 5009 1159 5106 mercedd3

132 5131 375 5233 accipiebant.
459 5150 461 5161 '
1092 5129 1096 5137 ¹
1131 5130 1138 5151 ¹
