3404 5782
704 397 766 457 JUS
783 395 995 453 PUBUCUM·

761 675 872 765 Μέρος
895 672 937 742 α’.

258 1463 557 1573 ’ολυμπιοίς’
585 1462 866 1567 τετραετηρικός
890 1459 1007 1570 ἀγόν.
1240 1464 1439 1559 (Suidas.)

304 1709 313 1727 Ι
791 1627 905 1704 1251.

261 1775 453 1882 Olympias
473 1789 529 1856 est
546 1789 749 1876 certamen,
775 1775 875 1880 quod
894 1787 1026 1878 quarto
1046 1797 1192 1877 quoque
1212 1800 1312 1851 anno
1332 1773 1541 1875 peragitur.

788 1941 902 2015 1252.

264 2057 344 2157 Τὴν
361 2067 577 2164 ἐκεχειρίαν
591 2069 651 2142 ίπί
671 2075 748 2154 τοῖς
763 2060 990 2161 Ὀλυμπίοις
1001 2062 1299 2163 ἐπαγγέλλουσιν
1317 2059 1357 2132 οῖ
1372 2052 1535 2134 Ἠλεῖοι.

788 2300 890 2374 1252
963 2188 1197 2283 (Pausanias.
1218 2183 1264 2282 V,
1285 2186 1349 2281 20,
1374 2186 1432 2279 1.)

259 2427 432 2505 inducias
452 2426 736 2529 Olympicorum
754 2425 923 2503 ludorum
942 2436 1109 2523 tompore
1128 2419 1361 2521 provulgant
1379 2419 1477 2496 Elei.

787 2587 901 2663 1253.

263 2709 364 2798 Totis
377 2706 558 2797 Ἠλείους
577 2707 767 2808 λαβόντας
787 2706 886 2810 παρὰ
906 2707 984 2782 τῶν
996 2700 1192 2796 Ἕλληνων
1210 2703 1449 2808 συγχώρημα
1474 2699 1531 2777 διό

152 2832 223 2910 τόν
240 2833 371 2939 ἀγῶνα
399 2832 478 2909 τῶν
500 2830 749 2932 Ὀλυμπίων,
787 2830 893 2932 ἱερόν
929 2837 998 2906 καί
1036 2828 1259 2929 ἀπόρθητον
1297 2833 1432 2905 οἰκεῖν
1467 2825 1533 2918 την

146 2954 330 3049 Ἠλείαν,
370 2956 548 3058 ἀπείρους
576 2955 717 3046 παντός
745 2951 860 3046 όντας
890 2955 1042 3048 δεινοῦ,
1070 2961 1139 3031 καί
1177 2953 1293 3046 πόσης
1322 2950 1532 3055 πολεμικῆς

153 3082 409 3183 περιστάσεως.
993 3085 1143 3185 (Polyb.
1164 3084 1231 3179 lV,
1253 3084 1315 3180 73,
1340 3079 1427 3176 10.)

783 3195 895 3270 1253.

258 3320 340 3395 Elei
371 3321 545 3397 universa
579 3322 834 3397 consentiente
870 3320 1030 3398 Graecia
1057 3322 1105 3395 ob
1133 3318 1240 3395 ludos
1269 3316 1532 3421 Olympiorum

152 3445 252 3521 omni
272 3446 436 3545 periculo
456 3447 617 3548 exempti
646 3446 835 3547 omnisque
864 3447 953 3522 belli
980 3456 1150 3547 expertes
1170 3445 1300 3520 Eleam
1329 3469 1483 3520 sacram
1499 3452 1533 3516 et

151 3570 242 3647 nulli
261 3570 492 3674 populationi
515 3572 715 3650 obnoxiam
733 3572 910 3649 habitent.

260 3853 344 3929 Τοῦ
361 3853 465 3954 ἱεροῦ
484 3845 563 3930 όπό
577 3849 745 3930 Ἠλείων
762 3853 965 3952 εἱρχθῆναι
984 3850 1077 3929 ὥστε
1099 3852 1155 3953 μη
1178 3851 1291 3929 θύειν
1315 3850 1409 3949 μήτ’
1431 3849 1529 3958 όγω-

151 3984 326 4071 νίζεσθαι
345 3977 435 4068 τούς
448 3978 502 4079 μή
522 3983 745 4068 ἐκτίνοντας
763 3977 834 4072 την
852 3978 967 4072 δίκην
986 3978 1137 4070 αὐτοῖς,
1168 3973 1214 4070 ἢν
1236 3976 1531 4072 καταδικάζον-

150 4135 211 4179 ται
240 4101 370 4180 αὐτῶν
397 4099 447 4193 ὦς
476 4103 576 4182 ὅπλα
605 4112 664 4184 cut
692 4103 765 4197 τήν
786 4104 923 4207 χώραν
949 4106 1191 4213 ἐνεγκόντων
1217 4111 1284 4182 καί
1310 4096 1530 4191 όπλίταςίν

150 4240 230 4318 ταῖς
252 4226 534 4322 Ὀλυμπιακαῖς
553 4230 734 4320 σπονδαῖς
752 4232 1040 4334 ἐσπεμψάντων.
1062 4225 1123 4306 ‘H
1146 4230 1184 4307 δὲ
1212 4229 1413 4323 καταδίκη
1432 4225 1528 4306 κατὰ

149 4351 220 4431 τόν
239 4348 399 4448 όπλίτην
416 4366 583 4436 ἕκαστον
602 4355 672 4434 δύο
687 4368 795 4456 μναῖ.
1060 4359 1248 4463 (Τίιοογιλ.
1267 4359 1315 4456 V,
1337 4362 1427 4455 49.)

782 4524 896 4599 1254.

256 4647 444 4729 Adituad
470 4649 649 4752 templum
677 4651 725 4726 ab
745 4649 845 4726 Eleis
870 4650 1132 4749 prohibentur,
1163 4675 1210 4725 ne
1230 4651 1461 4727 sacrificium
1478 4653 1526 4727 f-

149 4773 267 4867 ciant,
298 4800 392 4851 neve
413 4786 576 4868 certent,
605 4777 667 4877 qui
694 4776 785 4877 ipsis
813 4778 987 4851 mulctam
1016 4803 1093 4851 non
1117 4776 1389 4876 persolverint,
1419 4806 1527 4879 quam

150 4899 231 4974 Elei
249 4898 294 4974 iis
312 4899 499 4996 irrogant,
529 4901 591 5001 qui
619 4903 658 4976 in
687 4902 879 4999 regionem
899 4927 1025 4976 eorum
1044 4927 1148 4976 arma
1166 4901 1359 4976 intulerint
1380 4916 1420 4979 et
1439 4904 1525 4978 mili-

149 5035 204 5098 tes
224 5022 433 5126 Olympiaci
461 5025 621 5100 foederis
650 5036 817 5126 tempore
846 5024 1072 5101 immiserint.
1110 5025 1249 5102 Mulcta
1267 5039 1397 5104 autem
1419 5042 1475 5106 est
1491 5031 1525 5104 in

148 5148 313 5250 singulos
332 5149 465 5228 milites
484 5149 593 5279 binae
612 5150 744 5229 minae.
