3436 5790
506 423 843 478 eruuasmucnrr.
862 440 897 455 -
917 424 1170 480 couvrvnrro.
1446 398 1527 476 ’200

796 612 885 694 920.

109 856 112 860 ,
256 759 551 865 Gymnasiareha
569 771 644 856 est,
673 760 736 860 qui
764 759 886 837 oleum
913 761 1071 863 praebet
1096 761 1161 857 iis,
1189 762 1251 862 qui
1280 786 1320 837 se
1344 761 1383 836 in
1401 760 1526 861 palae-

151 900 225 966 stra
244 898 438 983 exercent,
467 898 504 964 et
525 896 687 963 crateres
705 887 837 988 implet
855 887 1005 987 publice
1025 887 1116 988 ungi
1134 887 1356 964 volentibus.

793 1049 881 1125 929.

179 1219 182 1227 =
258 1174 309 1248 Οἵ
335 1202 373 1247 τε
400 1175 607 1267 ταχθέντες
633 1169 898 1275 γυμνάζεσθαι
926 1177 968 1248 ἐν
995 1182 1074 1260 τοῖς
1092 1173 1318 1276 γυμνασίοις
1336 1175 1404 1246 καὶ
1426 1172 1462 1245 οἱ
1481 1177 1523 1247 ἐν

151 1307 230 1384 ταῖς
266 1293 434 1396 λαμπάσι
469 1292 872 1402 γυμνασιαρχοάμενοι
898 1293 971 1404 τὴν
996 1294 1146 1394 τροφήν
1180 1293 1528 1397 ἀναλαμβάνουσιν

153 1418 247 1516 (άπὸ
265 1423 337 1498 τοῦ
357 1419 679 1527 γυμνασιάρχου).
736 1425 982 1528 (Xenophon.
996 1425 1041 1503 de
1057 1425 1238 1525 Vectigal.
1254 1425 1319 1522 IV,
1339 1428 1418 1518 52.)

257 1713 331 1808 Qui
350 1738 390 1789 se
408 1713 504 1813 jussi
532 1712 670 1791 fuerint
699 1738 870 1791 exercere
896 1712 936 1789 in
954 1713 1141 1814 palaestra
1158 1724 1197 1789 et
1215 1713 1278 1814 qui
1295 1712 1527 1814 gymnasiar-

152 1837 239 1914 cbae
276 1849 410 1939 parent
445 1839 484 1914 in
520 1838 736 1916 desursione
774 1862 859 1914 cum
895 1837 1057 1931 facibus,
1105 1837 1245 1913 vietum
1280 1837 1469 1942 accipiunt
1505 1864 1528 1912 a

151 1963 440 2064 gymnasiarcha.

797 2071 885 2149 930.
955 2082 960 2092 ’

249 2190 323 2270 Ἐν
358 2204 436 2281 τοῖς
458 2193 639 2298 μεγάλοις
677 2196 958 2286 παναθηναίοις
995 2191 1188 2298 γυμνάσια
1225 2199 1418 2299 γίγνεται,
1458 2203 1526 2273 καὶ

153 2318 404 2419 προβάλλεται
434 2317 503 2414 ἀφ’
533 2318 690 2411 ἑκάστης
727 2319 847 2413 φυλῆς
884 2316 936 2405 εἷς
973 2324 1279 2424 γυμνασίαρχος,
1317 2325 1529 2422 λαμβάνων

146 2445 321 2546 χρήματα
340 2450 393 2533 εἰς
410 2443 455 2521 τὸ
474 2442 683 2549 γυμνάζιιν
700 2440 791 2532 τούς
808 2448 1086 2533 ἐπιτελέσοντας
1104 2442 1176 2536 τήν
1196 2443 1341 2543 ἑορτήν,
1361 2455 1430 2522 καὶ
1451 2447 1525 2522 δά·

153 2597 228 2648 σοιν
245 2570 313 2658 τάς
333 2569 482 2647 τούτων
501 2567 672 2658 δαπάνας
689 2579 769 2657 τοῖς
787 2568 851 2661 τῆς
871 2567 1009 2646 ἑαυτοῦ
1029 2570 1160 2666 αυλῆς.

544 2699 751 2802 (Anonymi
771 2724 912 2800 argum.
932 2701 970 2776 in
989 2701 1181 2777 Demosth.
1202 2699 1290 2778 Mid.
1312 2701 1419 2793 510.)

797 2860 886 2937 930.

255 2987 300 3063 In
328 2987 474 3085 magnis
503 2986 774 3063 Panathenaeis
804 2987 1086 3063 exercitationes
1115 2990 1229 3083 fiunt,
1257 3001 1294 3064 et
1324 3016 1344 3065 e
1372 2993 1526 3089 singulis

148 3109 318 3186 tribubus
337 3138 433 3187 unus
459 3111 746 3212 gymnasiarcha
773 3121 938 3202 creatur,
968 3112 1030 3212 qui
1059 3114 1255 3212 pecuniam
1274 3112 1403 3190 datad
1423 3144 1526 3196 exer-

149 3238 286 3313 cendos
306 3264 388 3333 eos,
418 3238 481 3337 qui
499 3236 634 3313 festum
652 3237 837 3338 peracturi
855 3247 942 3311 sunt
960 3247 997 3311 et
1015 3237 1061 3313 ad
1081 3238 1161 3338 ejus
1180 3238 1266 3315 festi
1285 3251 1425 3317 sumtus
1444 3267 1522 3319 cer·

147 3364 330 3439 tatoribus
348 3388 436 3439 suae
456 3362 575 3438 tribus
594 3359 897 3462 suppeditandos.

742 3639 872 3718 Ἀρθρον
889 3639 930 3720 γ’.

662 3746 700 3803 Ἕ
716 3770 865 3806 τττττ
884 3771 900 3807 ο
919 3774 935 3827 ρ
954 3755 964 3807 ί
983 3773 1008 3809 α.

811 3858 862 3879 Vm

743 3935 929 3989 Articulusb.

668 4040 997 4097 Convivatio.

792 4189 880 4267 931.

245 4307 454 4414 Ἕστιάτωρ
473 4310 514 4388 δέ
530 4317 634 4389 ἐστιν
651 4300 673 4387 ὁ
693 4307 764 4403 τὴν
781 4309 910 4406 φυλήν
928 4317 982 4400 εἰς
1001 4312 1134 4394 δεῖπνα
1153 4312 1296 4395 καλῶν.

618 4439 762 4534 (Schol.
782 4440 821 4516 in
837 4440 1032 4519 Demosth.
1052 4443 1201 4546 Leptin.
1222 4447 1310 4542 465,
1332 4449 1414 4543 28.)

787 4608 876 4686 931.

250 4733 434 4811 Convivis
454 4733 643 4833 excipiens
662 4745 738 4829 est,
769 4735 833 4835 qui
851 4734 990 4812 tribum
1009 4737 1056 4813 ad
1076 4764 1231 4815 coenam
1250 4750 1369 4815 voeat.

787 4895 876 4972 032.

250 5020 296 5095 Οἱ
315 5020 472 5112 φυλέται
494 5011 689 5118 ἑστιάτορα
709 5021 880 5116 φέρουσι.

774 5146 984 5241 (Demosth.
1004 5146 1088 5231 adv.
1108 5147 1234 5229 Boeot.
1255 5153 1285 5247 1,
1305 5154 1413 5246 996.)
1503 5232 1506 5239 ,
