3436 5790
166 356 243 435 418
600 377 908 432 conueuusaros
927 376 980 428 nn
1000 369 1044 429 ιο.
1064 371 1109 429 ιε.

165 573 204 648 iu
223 572 379 650 alterum
397 581 522 649 autem
541 597 654 671 quum
672 569 859 671 legitimae
878 570 972 645 fiunt
993 567 1146 665 aeuus,
1173 575 1211 643 et
1227 565 1289 642 hic
1306 563 1420 644 index
1438 584 1551 640 voca·

164 706 224 773 tur
251 697 413 774 album
441 698 653 790 civium.)

270 840 357 919 Non
372 841 467 919 hene
482 843 596 941 igitur
607 841 801 939 distinguit
818 837 1081 917 Bbhnsclre
1100 836 1191 916 duas
1210 836 1433 916 maturitatis
1452 843 1553 913 aeta·

163 975 239 1059 tes,
268 991 424 1066 quarum
452 993 528 1044 una
555 967 709 1044 cuilibet
729 964 1012 1043 Atheniensium
1035 963 1100 1065 jus
1127 962 1175 1040 ad
1198 959 1554 1066 apprehendendam

162 1101 357 1192 paternam
376 1093 634 1187 substantiam,
654 1093 770 1170 altera
788 1117 879 1170 vero
890 1091 954 1192 jus
972 1089 1132 1167 civitatis
1151 1088 1291 1168 tribuit.
1310 1088 1358 1167 V.
1377 1086 1553 1166 Schae·

165 1216 259 1298 fer:
277 1217 548 1296 Demosthenes
566 1217 642 1295 und
660 1218 762 1296 aeine
781 1217 872 1295 Zeit
901 1216 1010 1293 Tom.
1030 1215 1097 1294 IIL
1117 1244 1154 1317 p.
1174 1215 1237 1292 26.

270 1358 392 1438 schol.
421 1359 661 1463 Aristophan.
690 1358 805 1462 Vesp.
835 1358 932 1434 578:
966 1349 1226 1455 Ἀριστοτέλης
1253 1353 1295 1430 δέ
1321 1379 1461 1450 φησιν,
1491 1347 1552 1428 ότι

165 1480 287 1583 ψήφῳ
315 1486 352 1559 οἱ
380 1481 665 1587 ἐγγραψάμενοι
694 1479 1000 1581 δοκιμάζονται,
1029 1484 1067 1557 εἰ
1094 1477 1268 1582 νεώτεροι
1290 1477 1347 1579 μὴ
1375 1479 1474 1558 ἐπάν
1501 1476 1549 1570 ιη’

163 1607 250 1689 aler.
279 1609 518 1708 (Aristoteles
538 1612 638 1707 dicit,
657 1610 756 1713 quod
774 1610 940 1713 inscripti
958 1611 1139 1711 suffragio
1158 1607 1411 1713 explorentur,
1428 1619 1553 1686 utrum

162 1765 240 1816 non
258 1738 336 1814 sint
348 1738 518 1839 juniores
537 1737 743 1816 octodecim
761 1737 902 1830 annis.)

269 1883 315 1958 In
340 1881 506 1958 virorum
533 1881 660 1957 album
688 1881 816 1958 referri
843 1881 943 1957 idem
960 1892 1015 1959 est
1033 1906 1078 1958 ac
1103 1878 1255 1984 probari
1279 1871 1554 1976 (δοκιμασθῆ·

162 2010 248 2099 ναι)
267 2020 305 2084 et
323 2008 386 2108 qui
404 2005 570 2085 nondum
587 2008 627 2084 in
645 2008 774 2086 album
791 2006 928 2084 relatus
946 2017 1020 2103 est,
1039 2034 1119 2086 non
1136 2008 1318 2109 probatus
1336 2005 1494 2100 dicitur,
1511 2011 1554 2078 ut

161 2133 291 2211 scribit
307 2133 557 2238 Harpocratio
577 2158 605 2211 s.
625 2161 660 2210 v.
680 2126 954 2228 ἀδοκίμαστος.

269 2278 315 2355 In
336 2276 461 2355 album
481 2275 609 2354 referri
629 2274 821 2354 dicebatur
849 2277 960 2353 etiam
989 2269 1290 2374 δημοτεάεσθαι,
1317 2274 1454 2365 idest,
1482 2300 1552 2376 po·

163 2403 252 2504 pulo
272 2403 469 2480 accenseri.
509 2400 664 2500 Legitur
688 2400 761 2477 hoc
787 2401 828 2476 in
846 2401 992 2479 Lexicis
1012 2401 1164 2502 segon.
1192 2429 1228 2504 p.
1254 2400 1341 2495 186,
1368 2425 1397 2476 s.
1417 2429 1453 2478 v.
1482 2395 1552 2489 δη-

162 2522 394 2605 αοτεύεσθαι
406 2558 417 2600 .·
445 2521 491 2601 τά
520 2520 787 2629 ἐγγράφεσθαι
815 2528 869 2612 εἰς
894 2531 962 2601 ἕνα
980 2525 1059 2601 τάν
1078 2523 1207 2626 δήμιον
1224 2531 1295 2601 καί
1314 2519 1415 2602 είναι
1433 2530 1478 2602 ἐν
1496 2521 1552 2624 τῷ

162 2649 397 2752 ληξιαρχικῷ
416 2651 664 2755 γραμματείῳ
685 2644 964 2748 δημοτεάεσθαι
982 2656 1167 2729 ἐκαλεῖτο.

270 2796 382 2899 Apud
400 2792 738 2890 Lacedaemonios,
767 2797 799 2873 si
827 2796 909 2898 quis
938 2797 1076 2873 civium
1103 2822 1181 2874 non
1205 2809 1398 2900 pateretur
1415 2827 1550 2903 puero-

162 2955 246 3003 rum
264 2926 545 3021 institutionem,
564 2925 692 3026 is·jure
711 2925 870 3002 civitatis
890 2926 1165 3005 excludebatur.
1188 2926 1459 3021 (Plutarch.
1479 2929 1550 3007 ln·

162 3052 535 3129 stitutaLacon.
559 3051 642 3142 21.)

767 3225 844 3312 Ad
869 3231 943 3314 18.

269 3407 337 3490 Vir
355 3409 586 3492 doctissimus
605 3409 815 3517 Stephanus
835 3416 880 3494 A.
902 3414 1139 3495 Cumanudes
1164 3416 1238 3494 luci
1255 3417 1429 3522 publicae
1448 3415 1550 3496 dedit

160 3539 200 3617 in
221 3534 417 3636 Πανδώρᾳ
446 3537 624 3633 (Athenis
645 3541 759 3637 1866,
787 3542 895 3619 Tom.
915 3543 1020 3622 XVI.
1050 3570 1138 3647 pag.
1160 3543 1257 3638 511)
1285 3543 1381 3620 hanc
1409 3569 1549 3621 memo·

162 3677 243 3743 ratu
271 3665 427 3770 dignam
453 3665 734 3767 inscriptionem
752 3666 961 3764 Graecam,
990 3694 1086 3772 quae
1116 3666 1162 3745 ad
1190 3671 1469 3773 cooptationem
1497 3668 1546 3747 ci·

161 3794 263 3869 vium
280 3802 401 3869 aetate
421 3789 662 3869 Macedonica
680 3792 856 3870 refertur:
871 3787 961 3866 Ἐπὶ
982 3794 1193 3870 Διονυσίου
1212 3784 1405 3893 άρχοντος
1428 3787 1550 3869 Ἔλα-

161 3913 405 4016 φηβολιῶνος
424 3910 593 4013 δευτέραι
613 3919 648 4012 ¹)
662 3923 747 4014 μετ’
766 3913 945 4007 εἰκάδας,
974 3921 1161 4010 ἐκκλησία
1180 3925 1227 4016 ἐμ
1247 3924 1444 4022 Πειραιεῖ,
1474 3925 1549 3994 Νι-

161 4044 249 4128 κίας
287 4043 517 4130 Πολυξένου
545 4037 693 4142 Πάριος
728 4039 853 4118 είπεν·
890 4040 1015 4135 ἐπειδή
1050 4040 1305 4145 Ἀλέξανδρος
1334 4037 1550 4145 εὔχρηστον

163 4161 305 4241 ἑαυτὸν
324 4164 606 4266 παρασκευάζει
624 4172 694 4243 καί
712 4180 840 4246 κοινεῖ
856 4173 889 4268 ²)
916 4174 986 4245 καί
1006 4167 1102 4246 ίδίαι
1122 4175 1155 4267 ⁸)
1182 4181 1264 4260 τοῖς
1281 4168 1548 4270 ἐντυνχάνου-

163 4316 226 4367 σιν
251 4288 331 4367 τῶν
359 4293 548 4384 πολιτῶν,
577 4289 725 4398 άγαθεῖ
739 4293 849 4392 τάχει
867 4300 900 4392 ⁴)
930 4293 1117 4393 δεδόχθαι
1145 4307 1205 4374 πεῖ
1228 4299 1365 4398 βουλεῑ
1382 4305 1428 4396 ⁵),
1456 4293 1549 4386 τοάς

162 4414 357 4513 λαχόντας
375 4417 579 4520 προέδρους
598 4422 651 4508 εἰς
670 4417 741 4514 τήν
759 4422 946 4498 ἐπιοῦσαν
973 4425 1186 4515 ἐκκλησίαν
1207 4427 1444 4524 χρηματίσαι
1463 4429 1548 4525 περί

162 4538 335 4634 τούτων,
363 4541 519 4649 γνώμην
539 4543 577 4622 δέ
597 4545 887 4648 ξυμβάλλεσθαι
905 4549 973 4641 τῆς
990 4546 1136 4650 βουλῆς
1156 4553 1210 4636 είς
1228 4545 1299 4626 τόν
1319 4547 1456 4649 δῆμον,
1485 4545 1548 4625 ὅτι

164 4665 275 4743 δοκεῖ
289 4678 348 4744 πεῖ
362 4672 500 4770 βουλεῖ
514 4672 560 4767 ⁸),
590 4678 784 4750 ἐπαινέσαι
806 4669 1067 4776 Ἀλέξανδρον
1090 4672 1382 4775 Καλλιστράτου
1405 4679 1548 4752 Θεττα-

163 4788 235 4871 λόν
262 4799 334 4871 καί
361 4796 603 4894 στεφανῶσαι
631 4800 784 4876 θαλλοῦ
813 4799 1002 4897 στεφάνωι
1021 4807 1078 4898 ⁷),
1108 4797 1293 4879 δεδόσθαι
1314 4799 1353 4877 δὲ
1373 4798 1500 4879 αότωῖ
1515 4807 1548 4899 ⁸)

163 4961 377 4980 a*

263 5033 309 5129 1)
324 5026 475 5120 δευτέρᾳ.
499 5064 539 5077 -
566 5029 727 5123 2)κοινῇ.
752 5069 791 5082 -
818 5036 857 5112 3)
877 5033 960 5126 ἰδίᾳ.
987 5072 1027 5085 -
1053 5041 1094 5118 4)
1117 5032 1243 5132 άγαθῇ
1260 5035 1357 5128 τάχη.
1383 5075 1423 5088 -
1453 5033 1548 5129 hm}

327 5126 587 5237 ηῶκῇηθμῇ.
600 5172 643 5189 -·
660 5140 700 5221 d)
713 5137 881 5236 στεφάνῳ.
897 5178 939 5194 -
955 5145 994 5225 8)
1010 5140 1116 5237 αὐτῷ.
