<?xml version="1.0" encoding="UTF-8"?>
<!DOCTYPE html PUBLIC "-//W3C//DTD XHTML 1.0 Transitional//EN"
    "http://www.w3.org/TR/xhtml1/DTD/xhtml1-transitional.dtd">
<html xmlns="http://www.w3.org/1999/xhtml" xml:lang="en" lang="en">
 <head>
  <title>
</title>
<meta http-equiv="Content-Type" content="text/html;charset=utf-8" />
  <meta name='ocr-system' content='tesseract 3.04.00' />
  <meta name='ocr-capabilities' content='ocr_page ocr_carea ocr_par ocr_line ocrx_word'/>
</head>
<body>
  <div class='ocr_page' id='page_1' title='image "./synaggtnattiknn00tlgoog_0666.png"; bbox 0 0 3404 5782; ppageno 0'>
   <div class='ocr_carea' id='block_1_1' title="bbox 157 351 1138 434">
    <p class='ocr_par' dir='ltr' id='par_1_1' title="bbox 157 351 1138 434">
     <span class='ocr_line' id='line_1_1' title="bbox 157 351 1138 434; baseline -0.002 -8"><span class='ocrx_word' id='word_1_1' title='bbox 157 351 236 426; x_wconf 76' lang='lat' dir='ltr'><strong>cta</strong></span> <span class='ocrx_word' id='word_1_2' title='bbox 554 371 862 429; x_wconf 76' lang='lat' dir='ltr'><strong>couumuauros</strong></span> <span class='ocrx_word' id='word_1_3' title='bbox 880 369 934 424; x_wconf 75' lang='lat' dir='ltr'><strong>ao</strong></span> <span class='ocrx_word' id='word_1_4' title='bbox 955 366 1032 424; x_wconf 77' lang='lat'><strong>¹56⁵.</strong></span> <span class='ocrx_word' id='word_1_5' title='bbox 1053 368 1138 434; x_wconf 69' lang='lat' dir='ltr'><strong>scos.</strong></span> 
     </span>
    </p>
   </div>
   <div class='ocr_carea' id='block_1_2' title="bbox 148 560 1545 1140">
    <p class='ocr_par' dir='ltr' id='par_1_2' title="bbox 148 560 1545 1140">
     <span class='ocr_line' id='line_1_2' title="bbox 153 560 1542 665; baseline -0.001 -25"><span class='ocrx_word' id='word_1_6' title='bbox 153 565 215 640; x_wconf 87' lang='lat' dir='ltr'><strong>vel</strong></span> <span class='ocrx_word' id='word_1_7' title='bbox 233 563 414 658; x_wconf 87' lang='lat' dir='ltr'><strong>nobilem,</strong></span> <span class='ocrx_word' id='word_1_8' title='bbox 435 564 496 642; x_wconf 87' lang='lat' dir='ltr'><strong>vel</strong></span> <span class='ocrx_word' id='word_1_9' title='bbox 513 573 714 665; x_wconf 85' lang='lat' dir='ltr'><strong>potentem.</strong></span> <span class='ocrx_word' id='word_1_10' title='bbox 742 562 925 640; x_wconf 88' lang='lat' dir='ltr'>Nimirum</span> <span class='ocrx_word' id='word_1_11' title='bbox 943 564 1051 664; x_wconf 89' lang='lat' dir='ltr'><strong>pauci</strong></span> <span class='ocrx_word' id='word_1_12' title='bbox 1069 587 1116 640; x_wconf 83' lang='lat' dir='ltr'><strong>ex</strong></span> <span class='ocrx_word' id='word_1_13' title='bbox 1137 560 1365 663; x_wconf 76' lang='lat' dir='ltr'>egentibus</span> <span class='ocrx_word' id='word_1_14' title='bbox 1385 584 1432 637; x_wconf 90' lang='lat' dir='ltr'><strong>ao</strong></span> <span class='ocrx_word' id='word_1_15' title='bbox 1447 561 1542 661; x_wconf 83' lang='lat' dir='ltr'><strong>plebe·</strong></span> 
     </span>
     <span class='ocr_line' id='line_1_3' title="bbox 148 689 1545 792; baseline -0.001 -28"><span class='ocrx_word' id='word_1_16' title='bbox 148 690 198 792; x_wconf 88' lang='lat' dir='ltr'><strong>jis</strong></span> <span class='ocrx_word' id='word_1_17' title='bbox 217 690 472 790; x_wconf 78' lang='lat' dir='ltr'>exagitantur,</span> <span class='ocrx_word' id='word_1_18' title='bbox 499 715 543 765; x_wconf 88' lang='lat' dir='ltr'><strong>ao</strong></span> <span class='ocrx_word' id='word_1_19' title='bbox 561 713 608 766; x_wconf 91' lang='lat' dir='ltr'><strong>ne</strong></span> <span class='ocrx_word' id='word_1_20' title='bbox 627 689 681 765; x_wconf 93' lang='lat' dir='ltr'><strong>illi</strong></span> <span class='ocrx_word' id='word_1_21' title='bbox 698 689 850 790; x_wconf 91' lang='lat' dir='ltr'><strong>quidem</strong></span> <span class='ocrx_word' id='word_1_22' title='bbox 868 689 980 766; x_wconf 89' lang='lat' dir='ltr'><strong>aliam</strong></span> <span class='ocrx_word' id='word_1_23' title='bbox 998 689 1046 764; x_wconf 93' lang='lat' dir='ltr'><strong>ob</strong></span> <span class='ocrx_word' id='word_1_24' title='bbox 1066 713 1251 777; x_wconf 85' lang='lat' dir='ltr'><strong>causam,</strong></span> <span class='ocrx_word' id='word_1_25' title='bbox 1277 712 1403 786; x_wconf 89' lang='lat' dir='ltr'><strong>quam</strong></span> <span class='ocrx_word' id='word_1_26' title='bbox 1421 701 1545 788; x_wconf 83' lang='lat' dir='ltr'><strong>propter</strong></span> 
     </span>
     <span class='ocr_line' id='line_1_4' title="bbox 154 811 1543 915; baseline -0.003 -24"><span class='ocrx_word' id='word_1_27' title='bbox 154 815 308 891; x_wconf 80' lang='lat' dir='ltr'><strong>nimiam</strong></span> <span class='ocrx_word' id='word_1_28' title='bbox 335 812 569 892; x_wconf 78' lang='lat' dir='ltr'><strong>sedulitatem</strong></span> <span class='ocrx_word' id='word_1_29' title='bbox 596 815 635 890; x_wconf 88' lang='lat' dir='ltr'><strong>in</strong></span> <span class='ocrx_word' id='word_1_30' title='bbox 653 814 765 892; x_wconf 90' lang='lat' dir='ltr'><strong>rebus</strong></span> <span class='ocrx_word' id='word_1_31' title='bbox 784 811 832 890; x_wconf 94' lang='lat' dir='ltr'><strong>ad</strong></span> <span class='ocrx_word' id='word_1_32' title='bbox 851 839 891 890; x_wconf 89' lang='lat' dir='ltr'><strong>se</strong></span> <span class='ocrx_word' id='word_1_33' title='bbox 910 839 987 890; x_wconf 92' lang='lat' dir='ltr'><strong>non</strong></span> <span class='ocrx_word' id='word_1_34' title='bbox 1003 814 1302 911; x_wconf 86' lang='lat' dir='ltr'><strong>pertinentibus</strong></span> <span class='ocrx_word' id='word_1_35' title='bbox 1325 824 1368 888; x_wconf 91' lang='lat' dir='ltr'><strong>et</strong></span> <span class='ocrx_word' id='word_1_36' title='bbox 1387 812 1485 912; x_wconf 92' lang='lat' dir='ltr'><strong>quod</strong></span> <span class='ocrx_word' id='word_1_37' title='bbox 1500 842 1543 915; x_wconf 87' lang='lat' dir='ltr'><strong>po-</strong></span> 
     </span>
     <span class='ocr_line' id='line_1_5' title="bbox 153 937 1542 1041; baseline -0.001 -25"><span class='ocrx_word' id='word_1_38' title='bbox 153 939 242 1041; x_wconf 90' lang='lat' dir='ltr'><strong>pulo</strong></span> <span class='ocrx_word' id='word_1_39' title='bbox 261 963 341 1016; x_wconf 86' lang='lat' dir='ltr'><strong>esse</strong></span> <span class='ocrx_word' id='word_1_40' title='bbox 361 941 522 1041; x_wconf 91' lang='lat' dir='ltr'><strong>potiores</strong></span> <span class='ocrx_word' id='word_1_41' title='bbox 542 950 733 1039; x_wconf 88' lang='lat' dir='ltr'><strong>quaerant.</strong></span> <span class='ocrx_word' id='word_1_42' title='bbox 771 939 855 1030; x_wconf 84' lang='lat' dir='ltr'><strong>Quo</strong></span> <span class='ocrx_word' id='word_1_43' title='bbox 875 938 917 1013; x_wconf 90' lang='lat' dir='ltr'><strong>fit</strong></span> <span class='ocrx_word' id='word_1_44' title='bbox 935 947 977 1013; x_wconf 87' lang='lat' dir='ltr'><strong>ut</strong></span> <span class='ocrx_word' id='word_1_45' title='bbox 993 938 1165 1016; x_wconf 91' lang='lat' dir='ltr'><strong>homines</strong></span> <span class='ocrx_word' id='word_1_46' title='bbox 1186 937 1431 1039; x_wconf 89' lang='lat' dir='ltr'><strong>hujusmodi</strong></span> <span class='ocrx_word' id='word_1_47' title='bbox 1448 941 1542 1039; x_wconf 80' lang='lat' dir='ltr'><strong>exagi-</strong></span> 
     </span>
     <span class='ocr_line' id='line_1_6' title="bbox 153 1064 643 1140; baseline -0.002 0"><span class='ocrx_word' id='word_1_48' title='bbox 153 1065 223 1140; x_wconf 88' lang='lat' dir='ltr'><strong>tari</strong></span> <span class='ocrx_word' id='word_1_49' title='bbox 241 1065 395 1140; x_wconf 89' lang='lat' dir='ltr'><strong>moleste</strong></span> <span class='ocrx_word' id='word_1_50' title='bbox 414 1089 490 1140; x_wconf 89' lang='lat' dir='ltr'><strong>non</strong></span> <span class='ocrx_word' id='word_1_51' title='bbox 509 1064 643 1140; x_wconf 82' lang='lat' dir='ltr'><strong>ferant.</strong></span> 
     </span>
    </p>
   </div>
   <div class='ocr_carea' id='block_1_3' title="bbox 152 1200 1545 1782">
    <p class='ocr_par' dir='ltr' id='par_1_3' title="bbox 152 1200 1545 1782">
     <span class='ocr_line' id='line_1_7' title="bbox 262 1200 1544 1308; baseline 0.002 -25"><span class='ocrx_word' id='word_1_52' title='bbox 262 1206 466 1284; x_wconf 86' lang='lat' dir='ltr'><strong>Isocrat</strong></span> <span class='ocrx_word' id='word_1_53' title='bbox 496 1206 692 1308; x_wconf 86' lang='lat' dir='ltr'><strong>depaoe</strong></span> <span class='ocrx_word' id='word_1_54' title='bbox 719 1200 845 1306; x_wconf 74' lang='lat'><strong>§.142</strong></span> <span class='ocrx_word' id='word_1_55' title='bbox 873 1205 961 1281; x_wconf 90' lang='lat' dir='ltr'><strong>Non</strong></span> <span class='ocrx_word' id='word_1_56' title='bbox 977 1206 1112 1304; x_wconf 88' lang='lat' dir='ltr'><strong>ignoro</strong></span> <span class='ocrx_word' id='word_1_57' title='bbox 1130 1232 1217 1284; x_wconf 92' lang='lat' dir='ltr'><strong>non</strong></span> <span class='ocrx_word' id='word_1_58' title='bbox 1237 1232 1334 1284; x_wconf 86' lang='lat' dir='ltr'><strong>esse</strong></span> <span class='ocrx_word' id='word_1_59' title='bbox 1356 1206 1544 1285; x_wconf 77' lang='lat' dir='ltr'><strong>libertatern</strong></span> 
     </span>
     <span class='ocr_line' id='line_1_8' title="bbox 153 1328 1543 1433; baseline 0.004 -29"><span class='ocrx_word' id='word_1_60' title='bbox 153 1329 318 1425; x_wconf 90' lang='lat' dir='ltr'><strong>dicendi,</strong></span> <span class='ocrx_word' id='word_1_61' title='bbox 347 1332 419 1407; x_wconf 92' lang='lat' dir='ltr'><strong>nisi</strong></span> <span class='ocrx_word' id='word_1_62' title='bbox 436 1332 476 1407; x_wconf 91' lang='lat' dir='ltr'><strong>in</strong></span> <span class='ocrx_word' id='word_1_63' title='bbox 495 1330 640 1407; x_wconf 88' lang='lat' dir='ltr'><strong>theatro</strong></span> <span class='ocrx_word' id='word_1_64' title='bbox 658 1328 933 1407; x_wconf 76' lang='lat' dir='ltr'><strong>comoediarum</strong></span> <span class='ocrx_word' id='word_1_65' title='bbox 961 1332 1101 1432; x_wconf 71' lang='lat' dir='ltr'><strong>pottis3</strong></span> <span class='ocrx_word' id='word_1_66' title='bbox 1128 1332 1254 1433; x_wconf 88' lang='lat' dir='ltr'><strong>idque</strong></span> <span class='ocrx_word' id='word_1_67' title='bbox 1277 1331 1543 1410; x_wconf 82' lang='lat' dir='ltr'><strong>acerbissimus</strong></span> 
     </span>
     <span class='ocr_line' id='line_1_9' title="bbox 153 1455 1543 1556; baseline 0.005 -28"><span class='ocrx_word' id='word_1_68' title='bbox 153 1464 229 1546; x_wconf 90' lang='lat' dir='ltr'><strong>est,</strong></span> <span class='ocrx_word' id='word_1_69' title='bbox 257 1456 297 1529; x_wconf 93' lang='lat' dir='ltr'><strong>in</strong></span> <span class='ocrx_word' id='word_1_70' title='bbox 325 1467 431 1530; x_wconf 89' lang='lat' dir='ltr'><strong>tanta</strong></span> <span class='ocrx_word' id='word_1_71' title='bbox 460 1455 556 1553; x_wconf 87' lang='lat' dir='ltr'><strong>apud</strong></span> <span class='ocrx_word' id='word_1_72' title='bbox 585 1482 653 1531; x_wconf 88' lang='lat' dir='ltr'><strong>vos</strong></span> <span class='ocrx_word' id='word_1_73' title='bbox 678 1480 742 1530; x_wconf 86' lang='lat' dir='ltr'><strong>ecs</strong></span> <span class='ocrx_word' id='word_1_74' title='bbox 761 1479 840 1530; x_wconf 88' lang='lat' dir='ltr'><strong>esse</strong></span> <span class='ocrx_word' id='word_1_75' title='bbox 860 1455 1002 1551; x_wconf 87' lang='lat' dir='ltr'><strong>gratia,</strong></span> <span class='ocrx_word' id='word_1_76' title='bbox 1030 1457 1092 1556; x_wconf 93' lang='lat' dir='ltr'><strong>qui</strong></span> <span class='ocrx_word' id='word_1_77' title='bbox 1111 1455 1261 1533; x_wconf 89' lang='lat' dir='ltr'><strong>delicta</strong></span> <span class='ocrx_word' id='word_1_78' title='bbox 1284 1457 1402 1535; x_wconf 89' lang='lat' dir='ltr'><strong>urbis</strong></span> <span class='ocrx_word' id='word_1_79' title='bbox 1422 1470 1543 1535; x_wconf 78' lang='lat' dir='ltr'><strong>nostrae</strong></span> 
     </span>
     <span class='ocr_line' id='line_1_10' title="bbox 152 1577 1545 1685; baseline 0.006 -32"><span class='ocrx_word' id='word_1_80' title='bbox 152 1577 253 1654; x_wconf 87' lang='lat' dir='ltr'><strong>foras</strong></span> <span class='ocrx_word' id='word_1_81' title='bbox 280 1579 328 1654; x_wconf 90' lang='lat' dir='ltr'><strong>ad</strong></span> <span class='ocrx_word' id='word_1_82' title='bbox 356 1579 449 1656; x_wconf 87' lang='lat' dir='ltr'><strong>alios</strong></span> <span class='ocrx_word' id='word_1_83' title='bbox 477 1578 643 1658; x_wconf 80' lang='lat' dir='ltr'><strong>Graecos</strong></span> <span class='ocrx_word' id='word_1_84' title='bbox 672 1580 850 1671; x_wconf 85' lang='lat' dir='ltr'><strong>efferunt,</strong></span> <span class='ocrx_word' id='word_1_85' title='bbox 877 1591 1018 1678; x_wconf 87' lang='lat' dir='ltr'><strong>quauta</strong></span> <span class='ocrx_word' id='word_1_86' title='bbox 1043 1605 1090 1657; x_wconf 92' lang='lat' dir='ltr'><strong>ne</strong></span> <span class='ocrx_word' id='word_1_87' title='bbox 1117 1606 1186 1658; x_wconf 89' lang='lat' dir='ltr'><strong>eos</strong></span> <span class='ocrx_word' id='word_1_88' title='bbox 1213 1583 1412 1683; x_wconf 89' lang='lat' dir='ltr'><strong>quidem,</strong></span> <span class='ocrx_word' id='word_1_89' title='bbox 1442 1586 1499 1685; x_wconf 90' lang='lat' dir='ltr'><strong>qui</strong></span> <span class='ocrx_word' id='word_1_90' title='bbox 1515 1584 1545 1661; x_wconf 84' lang='lat' dir='ltr'><strong>de</strong></span> 
     </span>
     <span class='ocr_line' id='line_1_11' title="bbox 156 1703 595 1782; baseline 0.007 -5"><span class='ocrx_word' id='word_1_91' title='bbox 156 1703 261 1779; x_wconf 88' lang='lat' dir='ltr'><strong>vobis</strong></span> <span class='ocrx_word' id='word_1_92' title='bbox 280 1703 377 1781; x_wconf 89' lang='lat' dir='ltr'><strong>bene</strong></span> <span class='ocrx_word' id='word_1_93' title='bbox 396 1716 595 1782; x_wconf 86' lang='lat' dir='ltr'><strong>merentur.</strong></span> 
     </span>
    </p>
   </div>
   <div class='ocr_carea' id='block_1_4' title="bbox 82 1846 1545 2458">
    <p class='ocr_par' dir='ltr' id='par_1_4' title="bbox 82 1846 1545 2458">
     <span class='ocr_line' id='line_1_12' title="bbox 261 1846 1543 1952; baseline 0.006 -32"><span class='ocrx_word' id='word_1_94' title='bbox 261 1847 454 1922; x_wconf 87' lang='lat' dir='ltr'><strong>Platonius</strong></span> <span class='ocrx_word' id='word_1_95' title='bbox 482 1847 583 1948; x_wconf 91' lang='lat' dir='ltr'><strong>apud</strong></span> <span class='ocrx_word' id='word_1_96' title='bbox 611 1847 784 1922; x_wconf 76' lang='lat' dir='ltr'><strong>Mainake</strong></span> <span class='ocrx_word' id='word_1_97' title='bbox 812 1847 851 1920; x_wconf 91' lang='lat' dir='ltr'><strong>in</strong></span> <span class='ocrx_word' id='word_1_98' title='bbox 878 1846 1005 1922; x_wconf 88' lang='lat' dir='ltr'><strong>histor.</strong></span> <span class='ocrx_word' id='word_1_99' title='bbox 1030 1847 1107 1923; x_wconf 88' lang='lat' dir='ltr'><strong>orit.</strong></span> <span class='ocrx_word' id='word_1_100' title='bbox 1127 1849 1387 1929; x_wconf 80' lang='lat' dir='ltr'><strong>comicorum</strong></span> <span class='ocrx_word' id='word_1_101' title='bbox 1405 1878 1543 1952; x_wconf 76' lang='lat' dir='ltr'><strong>graecos</strong></span> 
     </span>
     <span class='ocr_line' id='line_1_13' title="bbox 153 1961 1545 2072; baseline 0.004 -28"><span class='ocrx_word' id='word_1_102' title='bbox 153 1998 188 2072; x_wconf 90' lang='lat' dir='ltr'><strong>p.</strong></span> <span class='ocrx_word' id='word_1_103' title='bbox 209 1971 306 2046; x_wconf 80' lang='lat'>531:</span> <span class='ocrx_word' id='word_1_104' title='bbox 335 1961 469 2044; x_wconf 74' lang='grc' dir='ltr'><strong><em>ἄδειαν</em></strong></span> <span class='ocrx_word' id='word_1_105' title='bbox 498 1971 535 2043; x_wconf 76' lang='lat' dir='ltr'><strong>ci</strong></span> <span class='ocrx_word' id='word_1_106' title='bbox 563 1964 630 2056; x_wconf 73' lang='grc' dir='ltr'><strong>τὰς</strong></span> <span class='ocrx_word' id='word_1_107' title='bbox 659 1965 866 2066; x_wconf 75' lang='grc' dir='ltr'><em>κωμῳδίας</em></span> <span class='ocrx_word' id='word_1_108' title='bbox 894 1966 1183 2072; x_wconf 74' lang='grc' dir='ltr'><em>συγγράφοντες</em></span> <span class='ocrx_word' id='word_1_109' title='bbox 1215 1969 1347 2069; x_wconf 78' lang='grc' dir='ltr'><em>εἶχον</em></span> <span class='ocrx_word' id='word_1_110' title='bbox 1371 1975 1449 2052; x_wconf 76' lang='grc' dir='ltr'><strong>τοῦ</strong></span> <span class='ocrx_word' id='word_1_111' title='bbox 1467 1974 1545 2051; x_wconf 68' lang='lat' dir='ltr'><strong>cad</strong></span> 
     </span>
     <span class='ocr_line' id='line_1_14' title="bbox 82 2090 1545 2205; baseline 0.01 -41"><span class='ocrx_word' id='word_1_112' title='bbox 82 2125 86 2139; x_wconf 94' lang='lat'>·</span> <span class='ocrx_word' id='word_1_113' title='bbox 152 2123 257 2170; x_wconf 77' lang='grc' dir='ltr'><strong><em>πτειν</em></strong></span> <span class='ocrx_word' id='word_1_114' title='bbox 285 2099 354 2169; x_wconf 78' lang='grc' dir='ltr'><strong>καὶ</strong></span> <span class='ocrx_word' id='word_1_115' title='bbox 382 2090 615 2198; x_wconf 73' lang='grc' dir='ltr'><em>στρατηγούς</em></span> <span class='ocrx_word' id='word_1_116' title='bbox 643 2097 711 2167; x_wconf 81' lang='grc' dir='ltr'><strong>καὶ</strong></span> <span class='ocrx_word' id='word_1_117' title='bbox 739 2091 817 2167; x_wconf 81' lang='grc' dir='ltr'><strong>τῶν</strong></span> <span class='ocrx_word' id='word_1_118' title='bbox 845 2091 1013 2169; x_wconf 79' lang='grc' dir='ltr'><strong><em>πολιτῶν</em></strong></span> <span class='ocrx_word' id='word_1_119' title='bbox 1039 2092 1146 2181; x_wconf 74' lang='grc' dir='ltr'><strong><em>τινάς</em></strong></span> <span class='ocrx_word' id='word_1_120' title='bbox 1175 2090 1203 2187; x_wconf 76' lang='grc' dir='ltr'><strong><em>ἢ</em></strong></span> <span class='ocrx_word' id='word_1_121' title='bbox 1233 2099 1545 2205; x_wconf 73' lang='grc' dir='ltr'><em>φιλαργύρουςῆ</em></span> 
     </span>
     <span class='ocr_line' id='line_1_15' title="bbox 152 2216 1544 2327; baseline 0.011 -35"><span class='ocrx_word' id='word_1_122' title='bbox 152 2219 343 2309; x_wconf 75' lang='grc' dir='ltr'><strong>συζῶντας</strong></span> <span class='ocrx_word' id='word_1_123' title='bbox 372 2216 559 2325; x_wconf 73' lang='grc' dir='ltr'><em>ἀσελγείᾳ.</em></span> <span class='ocrx_word' id='word_1_124' title='bbox 599 2221 915 2315; x_wconf 73' lang='lat' dir='ltr'><strong>(Comoediarum</strong></span> <span class='ocrx_word' id='word_1_125' title='bbox 942 2226 1141 2326; x_wconf 78' lang='lat' dir='ltr'><strong>scriptores</strong></span> <span class='ocrx_word' id='word_1_126' title='bbox 1171 2239 1429 2327; x_wconf 85' lang='lat' dir='ltr'><strong>potestatem</strong></span> <span class='ocrx_word' id='word_1_127' title='bbox 1456 2233 1544 2307; x_wconf 77' lang='lat' dir='ltr'><strong>habe</strong></span> 
     </span>
     <span class='ocr_line' id='line_1_16' title="bbox 151 2347 1544 2458; baseline 0.01 -37"><span class='ocrx_word' id='word_1_128' title='bbox 151 2347 242 2422; x_wconf 89' lang='lat' dir='ltr'><strong>bant</strong></span> <span class='ocrx_word' id='word_1_129' title='bbox 260 2349 421 2424; x_wconf 89' lang='lat' dir='ltr'><strong>dicteriis</strong></span> <span class='ocrx_word' id='word_1_130' title='bbox 440 2348 675 2425; x_wconf 86' lang='lat' dir='ltr'><strong>mordacibus</strong></span> <span class='ocrx_word' id='word_1_131' title='bbox 692 2349 866 2424; x_wconf 87' lang='lat' dir='ltr'><strong>irridendi</strong></span> <span class='ocrx_word' id='word_1_132' title='bbox 886 2349 972 2425; x_wconf 87' lang='lat' dir='ltr'><strong>balli</strong></span> <span class='ocrx_word' id='word_1_133' title='bbox 992 2350 1104 2425; x_wconf 87' lang='lat' dir='ltr'><strong>duces</strong></span> <span class='ocrx_word' id='word_1_134' title='bbox 1124 2362 1162 2426; x_wconf 89' lang='lat' dir='ltr'><strong>st</strong></span> <span class='ocrx_word' id='word_1_135' title='bbox 1182 2352 1382 2454; x_wconf 86' lang='lat' dir='ltr'><strong>improba</strong></span> <span class='ocrx_word' id='word_1_136' title='bbox 1397 2359 1544 2458; x_wconf 72' lang='lat' dir='ltr'><strong>judicer</strong></span> 
     </span>
    </p>
   </div>
   <div class='ocr_carea' id='block_1_5' title="bbox 151 2473 1547 2573">
    <p class='ocr_par' dir='ltr' id='par_1_5' title="bbox 151 2473 1547 2573">
     <span class='ocr_line' id='line_1_17' title="bbox 151 2473 1547 2573; baseline 0.009 -29"><span class='ocrx_word' id='word_1_137' title='bbox 151 2484 208 2548; x_wconf 91' lang='lat' dir='ltr'><strong>tes</strong></span> <span class='ocrx_word' id='word_1_138' title='bbox 229 2473 376 2573; x_wconf 87' lang='lat' dir='ltr'><strong>judices</strong></span> <span class='ocrx_word' id='word_1_139' title='bbox 405 2485 442 2549; x_wconf 85' lang='lat' dir='ltr'><strong>et</strong></span> <span class='ocrx_word' id='word_1_140' title='bbox 470 2474 670 2550; x_wconf 89' lang='lat' dir='ltr'><strong>nonnullos</strong></span> <span class='ocrx_word' id='word_1_141' title='bbox 697 2474 833 2550; x_wconf 88' lang='lat' dir='ltr'><strong>civium</strong></span> <span class='ocrx_word' id='word_1_142' title='bbox 867 2475 926 2550; x_wconf 86' lang='lat' dir='ltr'><strong>val</strong></span> <span class='ocrx_word' id='word_1_143' title='bbox 963 2500 1095 2552; x_wconf 90' lang='lat' dir='ltr'><strong>avaros</strong></span> <span class='ocrx_word' id='word_1_144' title='bbox 1125 2477 1189 2552; x_wconf 91' lang='lat' dir='ltr'><strong>vel</strong></span> <span class='ocrx_word' id='word_1_145' title='bbox 1223 2479 1429 2559; x_wconf 84' lang='lat' dir='ltr'><strong>lascivam</strong></span> <span class='ocrx_word' id='word_1_146' title='bbox 1459 2485 1547 2559; x_wconf 76' lang='lat' dir='ltr'><strong>vitro</strong></span> 
     </span>
    </p>
   </div>
   <div class='ocr_carea' id='block_1_6' title="bbox 151 2602 964 2803">
    <p class='ocr_par' dir='ltr' id='par_1_6' title="bbox 151 2602 964 2803">
     <span class='ocr_line' id='line_1_18' title="bbox 151 2602 336 2695; baseline 0.016 -22"><span class='ocrx_word' id='word_1_147' title='bbox 151 2602 336 2695; x_wconf 84' lang='lat' dir='ltr'><strong>agentes.)</strong></span> 
     </span>
     <span class='ocr_line' id='line_1_19' title="bbox 728 2717 964 2803; baseline 0.013 -3"><span class='ocrx_word' id='word_1_148' title='bbox 728 2717 804 2801; x_wconf 72' lang='lat' dir='ltr'><strong>Ad</strong></span> <span class='ocrx_word' id='word_1_149' title='bbox 820 2720 964 2803; x_wconf 76' lang='lat' dir='ltr'><strong>loca.</strong></span> 
     </span>
    </p>
   </div>
   <div class='ocr_carea' id='block_1_7' title="bbox 258 2900 1545 3003">
    <p class='ocr_par' dir='ltr' id='par_1_7' title="bbox 258 2900 1545 3003">
     <span class='ocr_line' id='line_1_20' title="bbox 258 2900 1545 3003; baseline 0.006 -27"><span class='ocrx_word' id='word_1_150' title='bbox 258 2900 471 2976; x_wconf 85' lang='lat' dir='ltr'><strong>Secundum</strong></span> <span class='ocrx_word' id='word_1_151' title='bbox 491 2900 657 2976; x_wconf 85' lang='lat' dir='ltr'><strong>Platonis</strong></span> <span class='ocrx_word' id='word_1_152' title='bbox 677 2901 798 3000; x_wconf 81' lang='lat' dir='ltr'><strong>Leges</strong></span> <span class='ocrx_word' id='word_1_153' title='bbox 819 2902 928 2996; x_wconf 83' lang='lat'><strong>(935,</strong></span> <span class='ocrx_word' id='word_1_154' title='bbox 948 2902 1021 2996; x_wconf 78' lang='lat' dir='ltr'><strong>E),</strong></span> <span class='ocrx_word' id='word_1_155' title='bbox 1049 2912 1185 3003; x_wconf 70' lang='lat' dir='ltr'><strong>poetae</strong></span> <span class='ocrx_word' id='word_1_156' title='bbox 1209 2907 1333 2983; x_wconf 89' lang='lat' dir='ltr'><strong>nullo</strong></span> <span class='ocrx_word' id='word_1_157' title='bbox 1356 2911 1474 2987; x_wconf 89' lang='lat' dir='ltr'><strong>modo</strong></span> <span class='ocrx_word' id='word_1_158' title='bbox 1491 2911 1545 2986; x_wconf 84' lang='lat' dir='ltr'><strong>liri·</strong></span> 
     </span>
    </p>
   </div>
   <div class='ocr_carea' id='block_1_8' title="bbox 31 3026 1546 3134">
    <p class='ocr_par' dir='ltr' id='par_1_8' title="bbox 31 3026 1546 3134">
     <span class='ocr_line' id='line_1_21' title="bbox 31 3026 1546 3134; baseline 0.009 -37"><span class='ocrx_word' id='word_1_159' title='bbox 31 3100 35 3106; x_wconf 62' lang='lat'><strong>,</strong></span> <span class='ocrx_word' id='word_1_160' title='bbox 150 3038 228 3100; x_wconf 90' lang='lat' dir='ltr'><strong>tum</strong></span> <span class='ocrx_word' id='word_1_161' title='bbox 247 3040 324 3101; x_wconf 87' lang='lat' dir='ltr'><strong>estc</strong></span> <span class='ocrx_word' id='word_1_162' title='bbox 343 3053 463 3126; x_wconf 85' lang='lat' dir='ltr'><strong>neque</strong></span> <span class='ocrx_word' id='word_1_163' title='bbox 485 3026 651 3102; x_wconf 85' lang='lat' dir='ltr'><strong>oratione</strong></span> <span class='ocrx_word' id='word_1_164' title='bbox 681 3053 801 3125; x_wconf 85' lang='lat' dir='ltr'><strong>neque</strong></span> <span class='ocrx_word' id='word_1_165' title='bbox 831 3029 992 3127; x_wconf 83' lang='lat' dir='ltr'><strong>imagine</strong></span> <span class='ocrx_word' id='word_1_166' title='bbox 1023 3053 1145 3128; x_wconf 88' lang='lat' dir='ltr'><strong>neque</strong></span> <span class='ocrx_word' id='word_1_167' title='bbox 1165 3030 1229 3106; x_wconf 88' lang='lat' dir='ltr'><strong>ira</strong></span> <span class='ocrx_word' id='word_1_168' title='bbox 1251 3059 1395 3134; x_wconf 87' lang='lat' dir='ltr'><strong>neque</strong></span> <span class='ocrx_word' id='word_1_169' title='bbox 1417 3038 1494 3113; x_wconf 87' lang='lat' dir='ltr'><strong>sinc</strong></span> <span class='ocrx_word' id='word_1_170' title='bbox 1508 3038 1546 3111; x_wconf 88' lang='lat' dir='ltr'><strong>ira</strong></span> 
     </span>
    </p>
   </div>
   <div class='ocr_carea' id='block_1_9' title="bbox 148 3147 1547 3504">
    <p class='ocr_par' dir='ltr' id='par_1_9' title="bbox 148 3147 1547 3504">
     <span class='ocr_line' id='line_1_22' title="bbox 150 3147 1545 3251; baseline 0.013 -29"><span class='ocrx_word' id='word_1_171' title='bbox 150 3147 264 3224; x_wconf 90' lang='lat' dir='ltr'><strong>ullum</strong></span> <span class='ocrx_word' id='word_1_172' title='bbox 283 3149 328 3223; x_wconf 84' lang='lat' dir='ltr'><strong>de</strong></span> <span class='ocrx_word' id='word_1_173' title='bbox 349 3151 492 3226; x_wconf 87' lang='lat' dir='ltr'><strong>civibus</strong></span> <span class='ocrx_word' id='word_1_174' title='bbox 512 3151 698 3248; x_wconf 70' lang='lat' dir='ltr'><strong>cavillari,</strong></span> <span class='ocrx_word' id='word_1_175' title='bbox 727 3153 757 3228; x_wconf 88' lang='lat' dir='ltr'><strong>si</strong></span> <span class='ocrx_word' id='word_1_176' title='bbox 776 3152 858 3251; x_wconf 90' lang='lat' dir='ltr'><strong>quis</strong></span> <span class='ocrx_word' id='word_1_177' title='bbox 877 3165 1004 3231; x_wconf 88' lang='lat' dir='ltr'><strong>autem</strong></span> <span class='ocrx_word' id='word_1_178' title='bbox 1022 3179 1097 3229; x_wconf 93' lang='lat' dir='ltr'><strong>non</strong></span> <span class='ocrx_word' id='word_1_179' title='bbox 1117 3154 1281 3248; x_wconf 90' lang='lat' dir='ltr'><strong>obedit,</strong></span> <span class='ocrx_word' id='word_1_180' title='bbox 1304 3160 1490 3239; x_wconf 89' lang='lat' dir='ltr'><strong>ludorum</strong></span> <span class='ocrx_word' id='word_1_181' title='bbox 1505 3192 1545 3238; x_wconf 87' lang='lat' dir='ltr'><strong>ar·</strong></span> 
     </span>
     <span class='ocr_line' id='line_1_23' title="bbox 148 3274 1547 3379; baseline 0.009 -29"><span class='ocrx_word' id='word_1_182' title='bbox 148 3274 235 3350; x_wconf 91' lang='lat' dir='ltr'><strong>bitri</strong></span> <span class='ocrx_word' id='word_1_183' title='bbox 255 3300 340 3349; x_wconf 91' lang='lat' dir='ltr'><strong>eum</strong></span> <span class='ocrx_word' id='word_1_184' title='bbox 358 3275 475 3351; x_wconf 90' lang='lat' dir='ltr'><strong>solum</strong></span> <span class='ocrx_word' id='word_1_185' title='bbox 494 3289 638 3351; x_wconf 88' lang='lat' dir='ltr'><strong>vertorc</strong></span> <span class='ocrx_word' id='word_1_186' title='bbox 659 3276 792 3353; x_wconf 85' lang='lat' dir='ltr'><strong>eodem</strong></span> <span class='ocrx_word' id='word_1_187' title='bbox 811 3277 870 3354; x_wconf 89' lang='lat' dir='ltr'><strong>die</strong></span> <span class='ocrx_word' id='word_1_188' title='bbox 891 3291 1051 3379; x_wconf 81' lang='lat' dir='ltr'><strong>cogant,</strong></span> <span class='ocrx_word' id='word_1_189' title='bbox 1079 3290 1145 3354; x_wconf 91' lang='lat' dir='ltr'><strong>aut</strong></span> <span class='ocrx_word' id='word_1_190' title='bbox 1179 3281 1318 3360; x_wconf 86' lang='lat' dir='ltr'><strong>tribus</strong></span> <span class='ocrx_word' id='word_1_191' title='bbox 1341 3288 1460 3365; x_wconf 93' lang='lat' dir='ltr'><strong>minis</strong></span> <span class='ocrx_word' id='word_1_192' title='bbox 1478 3289 1547 3364; x_wconf 88' lang='lat' dir='ltr'><strong>mul-</strong></span> 
     </span>
     <span class='ocr_line' id='line_1_24' title="bbox 149 3400 1085 3504; baseline 0.007 -30"><span class='ocrx_word' id='word_1_193' title='bbox 149 3410 249 3475; x_wconf 87' lang='lat' dir='ltr'><strong>ctent</strong></span> <span class='ocrx_word' id='word_1_194' title='bbox 268 3400 356 3492; x_wconf 88' lang='lat' dir='ltr'><strong>deo,</strong></span> <span class='ocrx_word' id='word_1_195' title='bbox 384 3402 487 3504; x_wconf 87' lang='lat' dir='ltr'><strong>cujus</strong></span> <span class='ocrx_word' id='word_1_196' title='bbox 506 3413 691 3478; x_wconf 88' lang='lat' dir='ltr'><strong>certamen</strong></span> <span class='ocrx_word' id='word_1_197' title='bbox 711 3413 785 3495; x_wconf 90' lang='lat' dir='ltr'><strong>est,</strong></span> <span class='ocrx_word' id='word_1_198' title='bbox 814 3404 1085 3481; x_wconf 87' lang='lat' dir='ltr'><strong>consecrandis.</strong></span> 
     </span>
    </p>
   </div>
   <div class='ocr_carea' id='block_1_10' title="bbox 150 3544 1547 3888">
    <p class='ocr_par' dir='ltr' id='par_1_10' title="bbox 150 3544 1547 3888">
     <span class='ocr_line' id='line_1_25' title="bbox 254 3544 1546 3647; baseline 0.009 -28"><span class='ocrx_word' id='word_1_199' title='bbox 254 3546 374 3644; x_wconf 84' lang='lat' dir='ltr'><strong>Etiam</strong></span> <span class='ocrx_word' id='word_1_200' title='bbox 394 3544 616 3621; x_wconf 86' lang='lat' dir='ltr'><strong>Thuriorum</strong></span> <span class='ocrx_word' id='word_1_201' title='bbox 635 3546 827 3645; x_wconf 80' lang='lat' dir='ltr'><strong>legislator</strong></span> <span class='ocrx_word' id='word_1_202' title='bbox 845 3549 982 3640; x_wconf 85' lang='lat' dir='ltr'><strong>vetuit,</strong></span> <span class='ocrx_word' id='word_1_203' title='bbox 1002 3549 1152 3647; x_wconf 89' lang='lat' dir='ltr'><strong>nequis</strong></span> <span class='ocrx_word' id='word_1_204' title='bbox 1173 3550 1334 3631; x_wconf 90' lang='lat' dir='ltr'><strong>civium</strong></span> <span class='ocrx_word' id='word_1_205' title='bbox 1356 3559 1402 3634; x_wconf 91' lang='lat' dir='ltr'><strong>in</strong></span> <span class='ocrx_word' id='word_1_206' title='bbox 1424 3585 1546 3634; x_wconf 81' lang='lat' dir='ltr'><strong>comos-</strong></span> 
     </span>
     <span class='ocr_line' id='line_1_26' title="bbox 150 3668 1547 3769; baseline 0.006 -23"><span class='ocrx_word' id='word_1_207' title='bbox 150 3669 210 3746; x_wconf 91' lang='lat' dir='ltr'><strong>dia</strong></span> <span class='ocrx_word' id='word_1_208' title='bbox 229 3668 500 3765; x_wconf 88' lang='lat' dir='ltr'><strong>traduceretur,</strong></span> <span class='ocrx_word' id='word_1_209' title='bbox 529 3681 675 3769; x_wconf 85' lang='lat' dir='ltr'><strong>praeter</strong></span> <span class='ocrx_word' id='word_1_210' title='bbox 700 3669 888 3747; x_wconf 86' lang='lat' dir='ltr'><strong>adulteros</strong></span> <span class='ocrx_word' id='word_1_211' title='bbox 908 3682 946 3747; x_wconf 91' lang='lat' dir='ltr'><strong>et</strong></span> <span class='ocrx_word' id='word_1_212' title='bbox 965 3673 1142 3751; x_wconf 87' lang='lat' dir='ltr'><strong>curiosos.</strong></span> <span class='ocrx_word' id='word_1_213' title='bbox 1182 3676 1485 3769; x_wconf 86' lang='lat' dir='ltr'><strong>(Plutarch.</strong></span> <span class='ocrx_word' id='word_1_214' title='bbox 1510 3682 1547 3756; x_wconf 86' lang='lat' dir='ltr'><strong>de</strong></span> 
     </span>
     <span class='ocr_line' id='line_1_27' title="bbox 150 3795 543 3888; baseline -0.005 -17"><span class='ocrx_word' id='word_1_215' title='bbox 150 3795 458 3872; x_wconf 88' lang='lat' dir='ltr'><strong>curiositate.</strong></span> <span class='ocrx_word' id='word_1_216' title='bbox 487 3796 543 3888; x_wconf 83' lang='lat'><strong>8.)</strong></span> 
     </span>
    </p>
   </div>
   <div class='ocr_carea' id='block_1_11' title="bbox 255 3938 1547 4056">
    <p class='ocr_par' dir='ltr' id='par_1_11' title="bbox 255 3938 1547 4056">
     <span class='ocr_line' id='line_1_28' title="bbox 255 3938 1547 4056; baseline 0.012 -46"><span class='ocrx_word' id='word_1_217' title='bbox 255 3938 335 4013; x_wconf 84' lang='lat' dir='ltr'><strong>Lex</strong></span> <span class='ocrx_word' id='word_1_218' title='bbox 363 3938 679 4016; x_wconf 65' lang='lat' dir='ltr'><strong>matricularum</strong></span> <span class='ocrx_word' id='word_1_219' title='bbox 706 3939 854 4033; x_wconf 73' lang='lat' dir='ltr'><strong>(tabulis</strong></span> <span class='ocrx_word' id='word_1_220' title='bbox 883 3939 986 4020; x_wconf 86' lang='lat' dir='ltr'><strong>V111.</strong></span> <span class='ocrx_word' id='word_1_221' title='bbox 1006 3943 1052 4018; x_wconf 90' lang='lat' dir='ltr'><strong>de</strong></span> <span class='ocrx_word' id='word_1_222' title='bbox 1072 3942 1275 4039; x_wconf 88' lang='lat' dir='ltr'><strong>delictis):</strong></span> <span class='ocrx_word' id='word_1_223' title='bbox 1310 3949 1385 4030; x_wconf 88' lang='lat' dir='ltr'><strong>Sei</strong></span> <span class='ocrx_word' id='word_1_224' title='bbox 1407 3957 1492 4056; x_wconf 92' lang='lat' dir='ltr'><strong>quei</strong></span> <span class='ocrx_word' id='word_1_225' title='bbox 1508 3956 1547 4054; x_wconf 90' lang='lat' dir='ltr'><strong>pi·</strong></span> 
     </span>
    </p>
   </div>
   <div class='ocr_carea' id='block_1_12' title="bbox 141 4060 1549 4291">
    <p class='ocr_par' dir='ltr' id='par_1_12' title="bbox 141 4060 1549 4291">
     <span class='ocr_line' id='line_1_29' title="bbox 141 4060 1549 4181; baseline 0.015 -47"><span class='ocrx_word' id='word_1_226' title='bbox 141 4060 263 4160; x_wconf 35' lang='lat' dir='ltr'><strong>,pulod</strong></span> <span class='ocrx_word' id='word_1_227' title='bbox 283 4064 463 4139; x_wconf 86' lang='lat' dir='ltr'><strong>ocentasit</strong></span> <span class='ocrx_word' id='word_1_228' title='bbox 480 4089 677 4140; x_wconf 88' lang='lat' dir='ltr'><strong>carmenve</strong></span> <span class='ocrx_word' id='word_1_229' title='bbox 696 4065 853 4141; x_wconf 86' lang='lat' dir='ltr'><strong>condisit</strong></span> <span class='ocrx_word' id='word_1_230' title='bbox 871 4066 969 4164; x_wconf 92' lang='lat' dir='ltr'><strong>quod</strong></span> <span class='ocrx_word' id='word_1_231' title='bbox 989 4067 1182 4143; x_wconf 87' lang='lat' dir='ltr'><strong>infamiam</strong></span> <span class='ocrx_word' id='word_1_232' title='bbox 1204 4072 1333 4152; x_wconf 74' lang='lat' dir='ltr'><strong>fassit</strong></span> <span class='ocrx_word' id='word_1_233' title='bbox 1355 4082 1549 4181; x_wconf 86' lang='lat' dir='ltr'><strong>flagitiouq</strong></span> 
     </span>
     <span class='ocr_line' id='line_1_30' title="bbox 148 4182 818 4291; baseline 0.01 -32"><span class='ocrx_word' id='word_1_234' title='bbox 148 4182 294 4282; x_wconf 88' lang='lat' dir='ltr'><strong>alterei,</strong></span> <span class='ocrx_word' id='word_1_235' title='bbox 316 4189 411 4264; x_wconf 87' lang='lat' dir='ltr'><strong>fuste</strong></span> <span class='ocrx_word' id='word_1_236' title='bbox 431 4189 565 4265; x_wconf 87' lang='lat' dir='ltr'><strong>seritod</strong></span> <span class='ocrx_word' id='word_1_237' title='bbox 587 4189 791 4283; x_wconf 82' lang='lat' dir='ltr'><strong>(feriatur).</strong></span> <span class='ocrx_word' id='word_1_238' title='bbox 809 4278 818 4291; x_wconf 44' lang='grc'><strong>,</strong></span> 
     </span>
    </p>
   </div>
   <div class='ocr_carea' id='block_1_13' title="bbox 147 4328 1551 4934">
    <p class='ocr_par' dir='ltr' id='par_1_13' title="bbox 147 4328 1551 4934">
     <span class='ocr_line' id='line_1_31' title="bbox 253 4328 1549 4442; baseline 0.014 -40"><span class='ocrx_word' id='word_1_239' title='bbox 253 4330 310 4403; x_wconf 86' lang='lat' dir='ltr'><strong>De</strong></span> <span class='ocrx_word' id='word_1_240' title='bbox 330 4328 400 4404; x_wconf 88' lang='lat' dir='ltr'><strong>hac</strong></span> <span class='ocrx_word' id='word_1_241' title='bbox 419 4332 502 4431; x_wconf 86' lang='lat' dir='ltr'><strong>lege</strong></span> <span class='ocrx_word' id='word_1_242' title='bbox 520 4332 649 4407; x_wconf 86' lang='lat' dir='ltr'><strong>scribit</strong></span> <span class='ocrx_word' id='word_1_243' title='bbox 668 4332 800 4408; x_wconf 81' lang='lat' dir='ltr'><strong>Cicero</strong></span> <span class='ocrx_word' id='word_1_244' title='bbox 830 4334 905 4427; x_wconf 87' lang='lat' dir='ltr'><strong>(de</strong></span> <span class='ocrx_word' id='word_1_245' title='bbox 935 4336 1125 4436; x_wconf 87' lang='lat' dir='ltr'><strong>republ.</strong></span> <span class='ocrx_word' id='word_1_246' title='bbox 1157 4339 1231 4435; x_wconf 89' lang='lat' dir='ltr'><strong>IV,</strong></span> <span class='ocrx_word' id='word_1_247' title='bbox 1262 4345 1460 4442; x_wconf 78' lang='lat'>10‚12):</span> <span class='ocrx_word' id='word_1_248' title='bbox 1488 4349 1549 4426; x_wconf 85' lang='grc' dir='ltr'><strong>ΧΗ.</strong></span> 
     </span>
     <span class='ocr_line' id='line_1_32' title="bbox 147 4454 1549 4577; baseline 0.014 -47"><span class='ocrx_word' id='word_1_249' title='bbox 147 4454 315 4548; x_wconf 91' lang='lat' dir='ltr'><strong>tabulae,</strong></span> <span class='ocrx_word' id='word_1_250' title='bbox 344 4481 457 4554; x_wconf 88' lang='lat' dir='ltr'><strong>quum</strong></span> <span class='ocrx_word' id='word_1_251' title='bbox 485 4482 691 4559; x_wconf 82' lang='lat' dir='ltr'><strong>perpaucas</strong></span> <span class='ocrx_word' id='word_1_252' title='bbox 719 4484 777 4534; x_wconf 87' lang='lat' dir='ltr'><strong>res</strong></span> <span class='ocrx_word' id='word_1_253' title='bbox 801 4460 921 4559; x_wconf 88' lang='lat' dir='ltr'><strong>capite</strong></span> <span class='ocrx_word' id='word_1_254' title='bbox 940 4463 1168 4556; x_wconf 85' lang='lat' dir='ltr'><strong>sanxissent,</strong></span> <span class='ocrx_word' id='word_1_255' title='bbox 1190 4467 1235 4542; x_wconf 94' lang='lat' dir='ltr'><strong>in</strong></span> <span class='ocrx_word' id='word_1_256' title='bbox 1260 4471 1328 4550; x_wconf 89' lang='lat' dir='ltr'><strong>his</strong></span> <span class='ocrx_word' id='word_1_257' title='bbox 1351 4475 1459 4554; x_wconf 89' lang='lat' dir='ltr'><strong>hanc</strong></span> <span class='ocrx_word' id='word_1_258' title='bbox 1478 4504 1549 4577; x_wconf 90' lang='lat' dir='ltr'><strong>quo·</strong></span> 
     </span>
     <span class='ocr_line' id='line_1_33' title="bbox 148 4581 1550 4698; baseline 0.014 -42"><span class='ocrx_word' id='word_1_259' title='bbox 148 4607 220 4681; x_wconf 90' lang='lat' dir='ltr'><strong>que</strong></span> <span class='ocrx_word' id='word_1_260' title='bbox 239 4581 477 4657; x_wconf 87' lang='lat' dir='ltr'><strong>sanciendam</strong></span> <span class='ocrx_word' id='word_1_261' title='bbox 496 4595 744 4684; x_wconf 85' lang='lat' dir='ltr'><strong>putaverunt,</strong></span> <span class='ocrx_word' id='word_1_262' title='bbox 775 4585 812 4659; x_wconf 90' lang='lat' dir='ltr'><strong>si</strong></span> <span class='ocrx_word' id='word_1_263' title='bbox 844 4587 952 4684; x_wconf 90' lang='lat' dir='ltr'><strong>quis</strong></span> <span class='ocrx_word' id='word_1_264' title='bbox 981 4596 1393 4677; x_wconf 85' lang='lat' dir='ltr'><strong>occentavisset</strong></span> <span class='ocrx_word' id='word_1_265' title='bbox 1424 4604 1481 4698; x_wconf 87' lang='lat' dir='ltr'><strong>(id</strong></span> <span class='ocrx_word' id='word_1_266' title='bbox 1500 4614 1550 4690; x_wconf 73' lang='lat' dir='ltr'><strong>at</strong></span> 
     </span>
     <span class='ocr_line' id='line_1_34' title="bbox 147 4707 1551 4813; baseline 0.016 -33"><span class='ocrx_word' id='word_1_267' title='bbox 147 4707 356 4782; x_wconf 89' lang='lat' dir='ltr'><strong>convicium</strong></span> <span class='ocrx_word' id='word_1_268' title='bbox 374 4707 540 4802; x_wconf 82' lang='lat' dir='ltr'><strong>fecerit),</strong></span> <span class='ocrx_word' id='word_1_269' title='bbox 564 4712 642 4785; x_wconf 85' lang='lat' dir='ltr'><strong>sive</strong></span> <span class='ocrx_word' id='word_1_270' title='bbox 662 4737 811 4786; x_wconf 86' lang='lat' dir='ltr'><strong>carmen</strong></span> <span class='ocrx_word' id='word_1_271' title='bbox 829 4712 1072 4804; x_wconf 87' lang='lat' dir='ltr'><strong>condidisset,</strong></span> <span class='ocrx_word' id='word_1_272' title='bbox 1104 4717 1210 4813; x_wconf 88' lang='lat' dir='ltr'><strong>quod</strong></span> <span class='ocrx_word' id='word_1_273' title='bbox 1233 4720 1454 4807; x_wconf 89' lang='lat' dir='ltr'><strong>infamiam</strong></span> <span class='ocrx_word' id='word_1_274' title='bbox 1473 4731 1551 4806; x_wconf 85' lang='lat' dir='ltr'><strong>face·</strong></span> 
     </span>
     <span class='ocr_line' id='line_1_35' title="bbox 147 4833 588 4934; baseline 0.014 -30"><span class='ocrx_word' id='word_1_275' title='bbox 147 4843 203 4907; x_wconf 87' lang='lat' dir='ltr'><strong>ret</strong></span> <span class='ocrx_word' id='word_1_276' title='bbox 221 4833 451 4934; x_wconf 88' lang='lat' dir='ltr'><strong>flagitiumve</strong></span> <span class='ocrx_word' id='word_1_277' title='bbox 472 4834 588 4910; x_wconf 88' lang='lat' dir='ltr'><strong>alteri.</strong></span> 
     </span>
    </p>
   </div>
   <div class='ocr_carea' id='block_1_14' title="bbox 253 4975 740 5073">
    <p class='ocr_par' dir='ltr' id='par_1_14' title="bbox 253 4975 740 5073">
     <span class='ocr_line' id='line_1_36' title="bbox 253 4975 740 5073; baseline 0 -21"><span class='ocrx_word' id='word_1_278' title='bbox 253 4976 398 5053; x_wconf 87' lang='lat' dir='ltr'><strong>Horatii</strong></span> <span class='ocrx_word' id='word_1_279' title='bbox 418 4975 525 5053; x_wconf 78' lang='lat' dir='ltr'><strong>Satis.</strong></span> <span class='ocrx_word' id='word_1_280' title='bbox 547 4979 593 5073; x_wconf 88' lang='lat' dir='ltr'><strong>ll,</strong></span> <span class='ocrx_word' id='word_1_281' title='bbox 619 4979 740 5068; x_wconf 80' lang='lat'><strong>1,80:</strong></span> 
     </span>
    </p>
   </div>
   <div class='ocr_carea' id='block_1_15' title="bbox 0 0 1706 5782">
    <p class='ocr_par' dir='ltr' id='par_1_15' title="bbox 0 0 1706 5782">
     <span class='ocr_line' id='line_1_37' title="bbox 0 0 1706 5782; baseline 0 1"><span class='ocrx_word' id='word_1_282' title='bbox 0 0 1706 5782; x_wconf 95' lang='lat' dir='ltr'><strong> </strong></span> 
     </span>
    </p>
   </div>
  </div>
 </body>
</html>
