3404 5782
143 359 222 441 414
603 373 913 429 counanrsnrns
928 373 984 425 sn
1002 370 1031 426 a
1049 366 1079 423 o.

144 572 317 674 exemplo
334 595 503 673 ponens,
529 566 661 649 decem
688 566 854 645 tribuum
880 563 1050 664 singulas
1073 563 1114 639 in
1132 573 1260 641 ternas
1284 548 1491 656 τριττάας
1506 551 1561 631 di·

144 699 233 777 visit
260 695 309 775 sd
332 695 586 796 phratriarum
611 691 912 787 similitudinem,
941 715 1038 792 quae
1067 688 1176 790 plane
1203 687 1397 765 diversae
1426 707 1456 759 a
1485 677 1560 759 cti-

146 821 287 901 sthenis
306 813 475 916 τοιττύσι
492 829 599 899 sunt:
628 817 807 920 gentibus
833 816 1027 895 substituit
1053 813 1201 908 demes,
1227 811 1296 913 qui
1328 808 1490 913 partim
1514 831 1562 883 ex

145 947 238 1049 ipsis
262 946 440 1046 genitibus
467 943 698 1023 denominati
726 953 833 1037 sunt,
859 939 946 1018 licet
973 938 1111 1017 diversi
1138 963 1163 1014 a
1190 926 1385 1034 gentibus
1411 958 1559 1033 cogno

146 1070 333 1151 minibus:
379 1081 492 1170 atque
530 1080 571 1147 ut
607 1078 743 1169 gentes
773 1064 1021 1143 continebant
1056 1054 1299 1160 τριακάδας,
1342 1060 1408 1139 ita
1444 1058 1561 1135 etiam

146 1199 188 1274 in
213 1197 333 1277 demis
359 1196 587 1277 sommae
613 1187 815 1290 τριακάδος
841 1202 930 1271 sunt
948 1218 971 1268 a
988 1189 1189 1291 gentiliciis
1211 1181 1556 1285 distinguenda&

147 1320 430 1401 Boechlrius
458 1344 558 1421 corp.
577 1319 815 1419 inscagcl,
836 1315 925 1394 141.
960 1317 1006 1397 In
1036 1313 1186 1393 decreto
1212 1312 1337 1412 igitur
1366 1309 1557 1389 Piraeeu-

146 1447 243 1525 uum
258 1447 300 1522 in
318 1447 502 1525 honorem
518 1442 805 1531 Callidemus
824 1445 947 1543 (corp.
965 1442 1075 1519 inser.
1095 1440 1163 1518 Νι.
1182 1437 1283 1533 101)
1300 1442 1561 1533 κατανεῖμαι

148 1565 187 1645 δι’
206 1564 332 1645 αὐτὸν
349 1573 419 1643 καί
439 1570 491 1656 τίς
508 1564 700 1668 τριακάδα
727 1560 776 1661 ἣν
803 1561 855 1644 άν
882 1558 1003 1653 αὐτάς
1026 1559 1237 1665 βούληται,
1264 1572 1428 1664 partem
1461 1560 1563 1639 demi

148 1696 332 1798 &gnificat
349 1691 519 1794 τριακάρ.

256 1822 401 1900 Heroes
420 1849 510 1901 vero
529 1822 591 1899 vel
615 1821 750 1917 duces,
778 1848 801 1900 a
830 1821 964 1922 quibus
992 1819 1109 1897 tribus
1136 1841 1274 1894 nomen
1304 1823 1562 1918 acceperunt,

148 1947 378 2025 vocabantur
396 1940 622 2048 ἀρχηγέται,
650 1947 689 2026 id
708 1946 959 2046 est,--gsneris
977 1955 1158 2024 auctores.

257 2069 494 2166 (Belslrerr
520 2071 1019 2174 Anecd.gr.1.p.449.)

258 2215 421 2311 Heroes,
450 2241 475 2292 a
501 2215 637 2316 quibus
662 2216 783 2295 tribus
809 2238 947 2293 nomen
971 2222 1220 2316 acceperunt,
1249 2221 1371 2290 sunt:
1415 2209 1564 2291 Erech·

151 2343 282 2440 theus,
297 2341 468 2443 Aegeus,
488 2342 680 2437 Pandion,
700 2343 827 2438 Ιιεοιι,
843 2340 1025 2436 Acamas,
1045 2338 1214 2434 Oeneus,
1234 2336 1448 2440 Cecrops,
1467 2339 1565 2441 Hip

151 2469 338 2573 podroon,
357 2467 474 2570 Ajax,
492 2466 710 2546 Antiomua
737 2469 920 2571 (Etymol
938 2468 990 2546 Μ.
1009 2495 1041 2545 s.
1057 2495 1096 2544 v.
1113 2459 1352 2562 ι’πάνυμοι.)

259 2595 393 2688 Suidas
412 2597 544 2675 scribit
560 2601 610 2692 (s.
630 2624 666 2674 v.
683 2592 923 2694 membran
942 2623 1029 2675 curn
1045 2595 1297 2691 Athenienses
1316 2594 1567 2690 dubitarent,

152 2721 251 2799 unde
270 2720 389 2798 tribus
414 2721 660 2823 appellandae
688 2735 832 2820 essent,
861 2749 884 2800 a
903 2723 992 2800 viris
1011 2721 1224 2799 clarissimis
1241 2722 1416 2800 nomina
1432 2723 1566 2801 temn-

153 2861 214 2925 tur
241 2848 286 2923 iis
305 2847 544 2948 imposuisse,
572 2847 624 2924 ita
651 2859 775 2925 tamen
802 2846 1012 2947 nt.singuli
1039 2857 1190 2923 centum
1217 2845 1386 2924 nomina
1417 2849 1563 2951 scripta

154 2975 245 3052 sorti
263 2972 548 3051 committerent
1100 3062 1103 3067 ,
1273 3040 1277 3049 .
1396 3058 1399 3065 ,

261 3098 306 3175 In
342 3097 613 3177 declamatione
649 3098 796 3176 funebri
825 3097 1070 3179 Demostheni
1107 3097 1298 3204 adscripta
1338 3103 1405 3204 (p.
1443 3102 1559 3180 1397.

155 3219 215 3327 §§.
235 3223 414 3318 27-31)
435 3237 654 3305 enarrantur
670 3228 802 3305 merita
820 3226 953 3305 horum
972 3227 1139 3306 heroum.

261 3347 319 3427 Of.
338 3349 497 3428 Pansam
515 3352 546 3447 I,
567 3355 602 3450 5,
623 3351 740 3430 2-4.

263 3474 388 3555 Schol.
414 3479 455 3555 in
480 3478 674 3556 Demosth.
693 3478 894 3557 Timocrat
912 3479 1003 3572 ¹702,
1025 3478 1096 3557 12:
1119 3469 1347 3579 Ἓτιάνυμοι
1366 3475 1553 3559 καλοῦν-

155 3601 219 3676 ταί
237 3627 336 3688 τινας
355 3595 578 3701 ἀνδριάντες
597 3593 729 3702 ἧριάων
738 3659 751 3692 ,
779 3609 819 3693 ἐξ
847 3590 903 3680 ὧν
921 3603 1137 3681 καλοῦνται
1158 3609 1227 3679 καὶ
1247 3605 1288 3679 ui
1308 3601 1411 3685 δέκα
1428 3611 1551 3704 φυλαί

155 3733 213 3803 εἰτ’
233 3722 397 3826 ὀνόματι
416 3726 575 3806 τούτων.
618 3724 675 3805 Τά
705 3726 744 3805 δὲ
772 3723 946 3829 ὀνόματα
974 3728 1053 3806 τῶν
1082 3722 1215 3831 ἦριάων
1241 3728 1394 3825 ταῦτα,
1421 3728 1549 3825 Ἀθη·

156 3855 278 3928 ναίων
296 3843 423 3930 ὄντων
447 3838 559 3941 inde
576 3854 745 3941 Αἴαντος
772 3855 844 3930 τοῦ
864 3859 1137 3954 Σαλαμινίου,
1167 3854 1385 3951 Πανδίων,
1412 3854 1547 3962 Ἐριχ-

159 3975 272 4069 esde,
292 3982 477 4084 Κέκροψ,
496 3979 639 4087 Αἰγεύς
650 4037 661 4072 ,
683 3980 843 4072 Οἰνεύς,
860 3985 992 4074 Λέων,
1011 3981 1132 4074 Αἴας,
1155 3977 1360 4083 Ἀκάμας,
1385 3981 1547 4063 Ἀντίο-

151 4132 246 4199 χος,
268 4096 507 4184 Ἱπποθόων.
545 4109 807 4214 (Eponymi
835 4121 1016 4190 vocantur
1044 4121 1187 4191 statuae
1213 4111 1397 4212 heroum,
1424 4141 1452 4192 a
1469 4118 1545 4217 qui·

157 4231 227 4308 bus
257 4234 370 4310 etiam
398 4235 527 4314 decem
556 4235 676 4314 tribus
713 4237 950 4341 appellantur
985 4237 1190 4315 secundum
1222 4264 1354 4317 eorum
1383 4243 1546 4318 nomina

158 4355 324 4432 Heroum
352 4372 495 4458 autem,
535 4362 597 4462 qui
633 4381 783 4466 praeter
820 4362 973 4464 Ajacem
1010 4360 1257 4439 Salaminium
1293 4363 1545 4445 Athenienses

158 4495 283 4577 erant,
315 4487 467 4563 nomina
494 4501 582 4564 sunt
608 4488 722 4567 haec:
751 4489 941 4588 Pandion,
971 4489 1222 4587 Erechtheus,
1252 4487 1448 4594 Cecrops,
1479 4493 1545 4569 Ae·

111 4590 120 4606 ⁰
157 4633 272 4707 gens,
301 4608 470 4708 Oeneus,
499 4611 598 4710 Leo,
626 4611 744 4715 Ajax,
763 4613 939 4709 Acamas,
961 4613 1187 4714 Antiochus,
1207 4616 1496 4720 Hippothoum)

777 4822 928 4911 Aea.

266 4990 376 5073 Anno
395 4992 485 5069 30⁷.
504 5016 536 5070 a.
556 4988 624 5072 Oh.
643 4994 875 5090 Demetrius,
895 5005 989 5072 teste
1008 4993 1174 5074 Diodoro
1195 4994 1307 5090 (XX,
1328 4996 1419 5095 46),
1439 4997 1546 5076 liber·

157 5131 271 5199 tatem
300 5118 440 5223 populo
469 5120 655 5217 integram
683 5121 862 5217 restituit,
901 5122 1083 5199 amicitiae
1112 5148 1260 5220 quoqne
1291 5137 1333 5201 et
1360 5127 1555 5206 societatis*
