3436 5790
433 419 743 473 counauraruus
765 420 818 470 ao
838 415 902 471 too.
919 414 984 471 tet.
1004 413 1067 472 ⁴⁶⁵.
1086 412 1150 471 tos.
1391 394 1468 471 ⁴⁷7

81 607 355 687 Eleusiniorum
382 611 645 715 mysteriorum
673 623 817 689 tessera
844 609 964 686 haec:
987 607 1247 708 jejunavi,
1275 607 1468 686 cinnum

81 735 237 831 ebibi3
266 739 394 839 accepi
426 763 446 812 e
475 737 587 833 cista3
624 746 861 837 operatus
889 734 1092 835 reposui
1121 733 1168 808 in
1196 733 1469 831 calathum,

81 871 129 934 et
156 886 176 936 e
204 862 405 939 calatho
432 864 479 937 in
507 863 715 955 cistam.)

669 1072 746 1157 Ad
763 1073 881 1154 400.

189 1237 285 1313 Ludi
303 1237 415 1335 igitur
433 1238 581 1315 nonnisi
601 1237 731 1338 quinto
750 1260 897 1338 quoque
927 1261 1027 1310 anno
1053 1231 1364 1330 celebrabantur,
1392 1259 1468 1310 non

79 1370 204 1438 autem
223 1365 419 1464 mysteria,
446 1389 541 1464 quae
562 1363 761 1462 quotannis
780 1361 1079 1463 instituebantur.

668 1571 744 1655 Ad
760 1572 880 1655 404.

188 1737 300 1812 Festa
329 1738 544 1815 Herculana
571 1737 610 1815 in
639 1737 858 1841 Cynosarge
893 1761 1019 1812 mense
1048 1733 1317 1812 Baedromtone
1353 1733 1468 1811 fuisse

80 1860 289 1956 celebrata,
320 1863 471 1963 conjicit
496 1862 793 1939 Boetticher
817 1859 915 1954 (Der
932 1858 1059 1935 autike
1079 1859 1359 1935 Festkaleuder.
1380 1858 1467 1935 Phi·

82 1985 229 2084 lologus
247 1987 371 2065 XXII.
390 2015 427 2089 p.
448 1987 559 2080 421).

665 2108 743 2193 Ad
762 2109 881 2191 405.

187 2272 320 2350 Suidas
339 2301 368 2350 s.
387 2301 422 2349 v.
441 2268 666 2369 Εἰρεσιώνηε
696 2273 811 2351 Oleae
832 2298 977 2365 ramus,
1006 2269 1094 2346 lana
1112 2270 1332 2368 obvolutus,
1354 2297 1374 2346 e
1393 2296 1467 2371 quo

78 2421 185 2474 omne
204 2424 325 2496 genus
346 2398 487 2474 fructus
507 2411 624 2475 terrae
643 2395 870 2498 suspendere
891 2394 1073 2474 solebant.
1102 2396 1213 2474 Hunc
1232 2407 1357 2471 autem
1377 2398 1466 2475 effe·

79 2523 185 2599 rebat
203 2550 295 2624 puer
314 2524 494 2625 patrimus
514 2538 551 2600 et
569 2524 760 2601 matrimus
782 2527 890 2615 (παῖς
909 2514 1176 2617 ἀμφιθαλὴς),
1205 2528 1346 2596 stante
1366 2521 1466 2606 fores

77 2645 206 2750 templi
235 2648 417 2750 Apollinis
445 2650 483 2724 in
512 2649 734 2751 Pyanepsiis
763 2649 936 2749 ponebat.
974 2647 1116 2723 Ferunt
1141 2646 1240 2722 enim
1266 2645 1465 2738 Theseum,

77 2799 152 2873 quo
172 2785 339 2876 tempore
358 2775 396 2849 in
416 2774 529 2851 Creta
547 2776 770 2874 navigabat,
799 2799 865 2874 por
895 2785 1154 2874 tempestatem
1179 2773 1227 2850 ad
1246 2768 1380 2848 Delum
1400 2798 1465 2873 ap·

78 2898 225 2998 pulsum
245 2898 411 3000 Apollini
430 2901 598 2994 vovisse,
627 2924 666 2975 se
696 2897 801 2975 oleae
831 2923 953 2973 ramos
982 2895 1258 2993 dedicaturum,
1288 2897 1319 2973 si
1338 2895 1463 2973 salvus

77 3023 256 3099 evasisset
283 3023 480 3101 interfecto
503 3024 737 3118 Minotauro,
767 3034 804 3098 et
831 3047 937 3100 sacra
965 3022 1171 3114 facturum3
1198 3047 1356 3123 cumque
1376 3047 1464 3124 sup·

77 3143 211 3248 plicem
229 3173 374 3224 ramum
392 3147 635 3250 deposuisset,
655 3150 694 3224 in
710 3148 794 3226 ollis
812 3174 895 3223 eum
914 3148 1057 3224 coxisse
1077 3146 1263 3248 ptisanam
1282 3147 1465 3223 triticeam

78 3284 114 3348 et
141 3273 305 3375 pultem,
344 3284 381 3348 et
408 3298 512 3349 aram
541 3273 711 3349 erexisse.
761 3274 891 3374 Itaque
923 3270 1095 3347 videntur
1127 3273 1336 3370 Πυανέψια
1366 3272 1465 3348 dicta

78 3400 182 3499 quasi
212 3401 443 3496 Κυαμέψια,
473 3424 560 3474 nam
588 3398 695 3475 fabas
725 3398 814 3473 olim
838 3392 1009 3481 πυάνους
1040 3410 1232 3474 vocarunt
1270 3395 1463 3474 Interdum

77 3519 148 3598 hoc
175 3522 384 3600 institutum
409 3525 456 3600 ad
482 3521 724 3599 avertendam
753 3521 1003 3622 pestilentiam
1033 3519 1283 3597 celebrabant.
1320 3520 1382 3597 Sic
1400 3547 1463 3597 au·

76 3658 152 3724 tem
171 3649 276 3748 pueri
296 3649 501 3726 canebant:
532 3648 719 3744 „Iresione
749 3649 841 3723 ficus
869 3647 942 3723 lert
964 3657 1001 3722 et
1020 3645 1178 3748 pingues
1198 3671 1315 3748 panes
1334 3656 1372 3721 et
1390 3646 1463 3722 mel

76 3770 114 3847 in
133 3771 256 3874 cotyla
275 3787 312 3849 et
331 3774 455 3850 oleum
475 3771 523 3849 ad
542 3769 834 3871 abstergendum
854 3781 892 3847 et
910 3770 1064 3847 calicem
1091 3796 1194 3849 mero
1222 3771 1394 3872 plenum,
1423 3781 1464 3847 ut

76 3896 260 3976 inebriata
278 3898 478 3976 dormias.“
509 3942 560 3953 -—
591 3899 747 3997 Peracto
775 3897 870 4007 festo
899 3907 1006 3974 extra
1033 3922 1144 3996 agros
1172 3894 1221 3974 ad
1248 3899 1347 3998 ipsas
1366 3896 1463 3973 fores

77 4025 279 4124 ponebant.
311 4068 361 4079 --
390 4023 521 4101 Crates
549 4049 640 4100 vero
661 4022 895 4102 Atheniensis
922 4023 961 4097 in
989 4023 1086 4099 libro
1111 4021 1157 4097 de
1177 4022 1462 4102 Atheniensium

76 4149 266 4225 sacrificiis
285 4151 356 4244 ait,
386 4149 473 4227 olim
494 4175 577 4226 cum
596 4175 769 4226 annonae
788 4149 947 4251 penuria
975 4160 1129 4226 vexaret
1147 4145 1335 4242 Athenas,
1364 4149 1461 4224 cives

76 4272 181 4349 oleae
201 4300 343 4351 ramum
363 4275 450 4352 lana
469 4271 690 4352 obvolutum
710 4273 874 4376 Apollini
893 4272 1146 4375 supplicantes
1165 4270 1366 4350 dedicasse.
1396 4273 1460 4369 ,Si

75 4402 176 4476 enim
194 4401 312 4501 ipsam
331 4402 391 4478 vel
411 4428 488 4478 uua
505 4400 668 4478 scintilla
686 4400 917 4502 corripuerit,
937 4400 1042 4501 quasi
1061 4398 1248 4501 putridam
1261 4399 1460 4477 lresionem

76 4525 304 4605 comburet.“

183 4652 240 4729 Of.
259 4651 596 4754 Harpocrationem
615 4679 698 4760 av.
721 4643 946 4746 Πυανόψια.

660 4861 738 4946 Ad
754 4862 872 4945 400.

183 5027 348 5108 Aliorum
377 5026 489 5103 etiam
517 5027 701 5103 mensium
729 5036 863 5102 octavo
891 5049 1038 5126 quoque
1067 5024 1126 5101 die
1156 5025 1330 5101 colebant
1358 5025 1457 5100 'Phe-

74 5180 200 5253 seum3
228 5155 289 5253 rel
316 5153 416 5257 quod
439 5152 600 5255 primum
618 5177 639 5230 e
657 5152 850 5232 Troezene
874 5163 1005 5230 octavo
1022 5149 1362 5231 Hecatombaeonis
1392 5177 1456 5252 ap·
