3436 5790
585 419 895 472 consummamus
916 418 968 469 au
991 413 1069 471 1160.
1091 413 1170 472 11⁶1.
1487 395 1564 473 578

170 608 264 682 riam
283 609 392 684 alicui
414 610 602 701 lecerunt,
632 637 707 685 non
735 610 857 685 minus
886 610 924 686 hi
947 611 1012 710 'qui
1032 611 1122 688 laesi
1143 638 1219 686 non
1239 623 1347 704 sunt,
1375 611 1562 688 ulciscun-
1680 705 1682 710 .

114 763 116 767 >
170 744 250 825 tur,
279 760 390 832 quam
409 735 435 809 ii
455 735 589 833 quibus
609 736 665 809 vis
686 745 742 809 est
760 732 898 810 illata.“

277 875 421 954 Plato
450 877 558 977 Leg.
588 877 678 971 874,
708 875 760 952 O:
788 874 828 952 si
848 878 930 975 quis
954 877 1143 977 ingenuae
1172 879 1315 956 mulieri
1347 880 1423 955 vim
1451 881 1562 957 affert

169 1001 230 1076 vel
257 1027 375 1102 puero
399 1002 452 1079 rei
472 1027 652 1078 venereae
672 1026 806 1093 causa,
835 1002 989 1102 impune
1009 1028 1095 1078 eum
1114 1016 1235 1079 morte
1254 1003 1446 1082 alliciunto
1466 1018 1504 1082 et
1522 1007 1558 1080 vi

168 1122 326 1202 violatus
355 1137 393 1201 et
418 1139 527 1227 pater
551 1126 612 1203 vel
630 1126 748 1203 frater
768 1127 828 1203 vel
847 1126 934 1220 filii;
963 1128 1048 1203 etsi
1069 1129 1126 1204 vir
1145 1152 1297 1203 uxorem
1315 1129 1461 1206 invenit
1481 1131 1558 1205 vim

168 1250 388 1347 patientem,
418 1252 449 1327 si
469 1250 646 1330 occiderit
664 1251 905 1343 inferentem,
936 1279 1051 1354 purus
1070 1263 1150 1330 esto
1169 1253 1264 1352 lege.
1288 1279 1289 1282 ’

748 1496 824 1579 Ad
847 1499 981 1581 1100.

275 1662 384 1738 Plato
403 1662 496 1739 haec
516 1662 737 1765 praescribit
754 1662 794 1738 in
812 1661 980 1764 Legibus
1008 1650 1120 1758 (881,
1140 1665 1301 1757 B--E):
1328 1665 1393 1765 qui
1412 1673 1557 1766 patrem

167 1787 226 1864 vel
254 1798 411 1864 matrem
438 1788 499 1864 vel
528 1787 658 1865 horum
688 1798 814 1890 patres
842 1797 1028 1865 matresve
1057 1786 1256 1866 verberare
1284 1815 1397 1866 armus
1425 1790 1557 1884 fuerit,

167 1910 434 1989 condemnatus
452 1913 492 1987 in
511 1925 734 2014 perpetuum
762 1913 951 2011 relegator
980 1939 1026 1990 ex
1050 1903 1143 1988 urbo
1172 1913 1210 1988 in
1234 1912 1416 2015 reliquam
1436 1914 1556 2014 regio-

167 2063 254 2114 nem
291 2049 328 2113 et
356 2040 528 2116 omnibus
565 2039 680 2117 sacris
718 2049 883 2117 arcetur:
917 2039 1035 2117 arceri
1074 2051 1306 2117 recusantem
1344 2022 1557 2139 castigante

167 2187 343 2261 agrorum
370 2165 539 2265 magistri
578 2163 794 2242 verberibus
822 2174 860 2240 et
887 2161 1173 2265 quibuscunque
1203 2164 1389 2243 voluerint
1417 2165 1557 2256 modis3

167 2312 339 2367 reversus
357 2315 448 2366 vero
468 2301 585 2367 morte
610 2289 770 2392 punitor.
809 2289 850 2366 Si
878 2289 962 2392 quis
989 2301 1115 2367 autem
1143 2291 1329 2384 omnium,
1359 2289 1422 2390 qui
1449 2289 1557 2366 liberi

165 2425 272 2509 sunt,
301 2440 388 2492 cum
416 2415 481 2491 tali
504 2441 579 2491 una
597 2413 674 2491 edit
693 2415 752 2492 vel
772 2414 867 2491 bibit
885 2414 945 2490 vel
964 2412 1174 2516 hujusmodi
1194 2414 1335 2515 aliquid
1355 2438 1555 2492 commune

166 2538 314 2630 habuit,
343 2540 405 2617 vel
423 2543 536 2618 etium
554 2541 652 2617 forte
671 2551 814 2617 tautum
834 2560 1036 2617 occurrens
1063 2538 1200 2615 alicubi
1227 2565 1294 2617 sua
1312 2551 1448 2641 sponte
1467 2564 1556 2616 con·

165 2665 311 2764 tingit,
324 2690 444 2766 neque
472 2667 654 2768 templum
678 2665 794 2742 intret
812 2665 948 2757 ullum,
978 2689 1100 2764 neque
1120 2663 1263 2759 forum,
1283 2689 1406 2764 neque
1425 2658 1556 2740 urbem

165 2790 383 2891 priusquam
400 2816 441 2868 se
459 2790 686 2893 purgaverit.

754 2962 830 3048 All
846 2965 971 3051 1101.

272 3129 485 3209 Secundum
502 3129 670 3208 Platonis
689 3129 812 3229 Leges
833 3131 944 3225 (932,
964 3128 1122 3222 A-D),
1142 3129 1174 3206 si
1192 3127 1274 3230 quis
1292 3137 1469 3228 parentes
1490 3155 1554 3206 ne·

163 3256 368 3357 gligentius
387 3254 519 3346 habet,
538 3280 650 3354 quum
668 3279 737 3354 par
755 3265 831 3348 est,
851 3256 902 3349 is,
923 3254 987 3356 qui
1007 3253 1082 3332 tale
1100 3252 1191 3358 quid
1208 3253 1370 3355 patitur,
1394 3255 1457 3331 vel
1476 3255 1555 3357 ipse

165 3379 225 3458 vel
243 3380 406 3482 aliquem
424 3381 575 3457 mittens
604 3379 747 3456 deserto
776 3380 824 3457 ad
852 3381 980 3482 legum
1007 3379 1201 3473 custodes,
1230 3379 1269 3456 hi
1287 3405 1377 3456 vero
1397 3394 1555 3457 curante

163 3506 236 3600 ita,
265 3518 307 3602 ut
324 3505 498 3608 injuriam
520 3505 720 3597 facientes,
748 3506 780 3582 si
808 3505 931 3582 adhuc
952 3505 1115 3607 juvenes
1143 3514 1249 3590 sunt,
1278 3503 1498 3581 verberibus
1516 3514 1555 3581 et

165 3631 324 3708 vinculis
344 3632 545 3729 castigent,
573 3631 604 3708 si
632 3643 757 3708 autem
784 3629 940 3731 triginta
968 3656 1086 3709 annos
1112 3628 1253 3729 egressi
1272 3627 1464 3730 negligere
1484 3655 1551 3730 pa-

164 3768 289 3834 rentes
307 3783 383 3833 non
402 3755 603 3850 desistunt,
632 3754 681 3832 ad
701 3753 886 3857 judicium
914 3782 978 3839 eos
1005 3754 1241 3845 adducunt03
1270 3753 1302 3830 si
1326 3752 1408 3855 quis
1427 3766 1552 3831 autem

164 3881 433 3958 condemnatus
451 3893 525 3972 est,
555 3880 747 3958 aestimato
766 3879 968 3982 judicium,
999 3879 1087 3981 quid
1105 3879 1267 3981 pendere
1286 3903 1371 3955 eum
1390 3879 1451 3955 vel
1469 3878 1548 3979 pati

164 4018 346 4108 oporteat.
384 4005 423 4082 Si
452 4007 534 4108 quis
563 4017 706 4102 autem,
736 4006 799 4106 qui
822 4007 918 4085 male
937 4005 1116 4101 habetur,
1145 4003 1322 4081 indicium
1340 4004 1464 4082 facere
1488 4030 1551 4079 ne-

163 4133 260 4232 quit,
290 4133 342 4228 is,
371 4132 434 4233 qui
453 4132 646 4210 resciverit
666 4159 713 4209 ex
740 4131 934 4231 ingenuis,
964 4130 1106 4208 deserto
1125 4128 1174 4206 ad
1198 4129 1457 4230 magistratus,
1486 4141 1553 4207 aut

163 4259 284 4334 malus
314 4269 392 4335 esto
421 4265 459 4333 et
478 4255 602 4335 damni
622 4282 646 4335 a
665 4254 852 4356 quolibet,
881 4256 944 4355 qui
972 4253 1092 4346 volet,
1121 4254 1341 4356 postulator.
1390 4252 1430 4330 Si
1458 4280 1553 4331 vero

162 4407 291 4460 servus
309 4383 548 4477 indicaverit,
569 4383 663 4460 liber
682 4394 773 4474 esto,
792 4381 878 4457 etsi
897 4407 1026 4458 servus
1044 4377 1193 4481 quidem
1212 4404 1351 4473 eorum,
1370 4379 1434 4480 qui
1454 4381 1551 4457 male

162 4506 303 4583 habent
322 4508 382 4583 vel
401 4507 605 4603 habentur,
635 4535 657 4583 a
676 4507 897 4606 magistratu
921 4505 1208 4597 manumittitor,
1238 4506 1296 4580 sin
1314 4503 1408 4582 alius
1427 4505 1550 4606 cujus·

162 4634 262 4732 piam
293 4632 448 4726 civium,
479 4633 631 4732 publice
658 4633 815 4732 pretium
845 4658 912 4735 pro
940 4656 985 4707 eo
1014 4630 1151 4708 solvito
1181 4629 1406 4731 possessori;
1433 4629 1551 4728 magi·

160 4768 297 4832 stratus
316 4768 441 4833 autem
468 4782 619 4858 operam
650 4758 786 4853 danto,
814 4783 860 4834 ne
880 4757 961 4857 quis
980 4757 1093 4833 talem
1114 4756 1296 4833 ulciscens
1315 4755 1451 4858 injuria
1471 4746 1551 4830 afli·

161 4883 235 4957 ciat
254 4883 304 4957 ob
324 4881 512 4958 indicium.
