<?xml version="1.0" encoding="UTF-8"?>
<!DOCTYPE html PUBLIC "-//W3C//DTD XHTML 1.0 Transitional//EN"
    "http://www.w3.org/TR/xhtml1/DTD/xhtml1-transitional.dtd">
<html xmlns="http://www.w3.org/1999/xhtml" xml:lang="en" lang="en">
 <head>
  <title>
</title>
<meta http-equiv="Content-Type" content="text/html;charset=utf-8" />
  <meta name='ocr-system' content='tesseract 3.04.00' />
  <meta name='ocr-capabilities' content='ocr_page ocr_carea ocr_par ocr_line ocrx_word'/>
</head>
<body>
  <div class='ocr_page' id='page_1' title='image "./synaggtnattiknn00tlgoog_0398.png"; bbox 0 0 3404 5782; ppageno 0'>
   <div class='ocr_carea' id='block_1_1' title="bbox 147 352 988 427">
    <p class='ocr_par' dir='ltr' id='par_1_1' title="bbox 147 352 988 427">
     <span class='ocr_line' id='line_1_1' title="bbox 147 352 988 427; baseline -0.006 0"><span class='ocrx_word' id='word_1_1' title='bbox 147 352 225 427; x_wconf 85' lang='grc'><strong><em>374</em></strong></span> <span class='ocrx_word' id='word_1_2' title='bbox 688 372 750 423; x_wconf 74' lang='lat' dir='ltr'><strong><em>sus</em></strong></span> <span class='ocrx_word' id='word_1_3' title='bbox 768 368 988 423; x_wconf 73' lang='lat' dir='ltr'>ssuvsnms.</span> 
     </span>
    </p>
   </div>
   <div class='ocr_carea' id='block_1_2' title="bbox 148 552 1565 663">
    <p class='ocr_par' dir='ltr' id='par_1_2' title="bbox 148 552 1565 663">
     <span class='ocr_line' id='line_1_2' title="bbox 148 552 1565 663; baseline -0.001 -23"><span class='ocrx_word' id='word_1_4' title='bbox 148 563 191 663; x_wconf 76' lang='grc' dir='ltr'><strong><em>ἐᾷ</em></strong></span> <span class='ocrx_word' id='word_1_5' title='bbox 221 562 493 663; x_wconf 78' lang='grc' dir='ltr'><strong><em>καρποῦσθαι,</em></strong></span> <span class='ocrx_word' id='word_1_6' title='bbox 533 555 558 634; x_wconf 82' lang='grc' dir='ltr'><strong><em>ἀ</em></strong></span> <span class='ocrx_word' id='word_1_7' title='bbox 588 565 766 663; x_wconf 77' lang='grc' dir='ltr'><strong><em>ἐπρίατο,</em></strong></span> <span class='ocrx_word' id='word_1_8' title='bbox 804 554 886 633; x_wconf 88' lang='grc' dir='ltr'><strong><em>ἀλλ’</em></strong></span> <span class='ocrx_word' id='word_1_9' title='bbox 917 552 940 647; x_wconf 77' lang='grc' dir='ltr'>ἢ</span> <span class='ocrx_word' id='word_1_10' title='bbox 970 560 1112 654; x_wconf 64' lang='grc' dir='ltr'><strong><em>ἔχοντα</em></strong></span> <span class='ocrx_word' id='word_1_11' title='bbox 1142 559 1337 659; x_wconf 78' lang='grc' dir='ltr'><em>ἐκβάλλῃ,</em></span> <span class='ocrx_word' id='word_1_12' title='bbox 1386 557 1415 652; x_wconf 77' lang='grc' dir='ltr'><strong><em>ἢ</em></strong></span> <span class='ocrx_word' id='word_1_13' title='bbox 1447 573 1565 659; x_wconf 77' lang='grc' dir='ltr'><strong><em>σχεῖν</em></strong></span> 
     </span>
    </p>
   </div>
   <div class='ocr_carea' id='block_1_3' title="bbox 148 687 1448 869">
    <p class='ocr_par' dir='ltr' id='par_1_3' title="bbox 148 687 1448 869">
     <span class='ocr_line' id='line_1_3' title="bbox 148 687 1448 869; baseline 0.002 -105"><span class='ocrx_word' id='word_1_14' title='bbox 148 687 316 786; x_wconf 82' lang='grc' dir='ltr'><strong><em>κωλύσῃ.</em></strong></span> <span class='ocrx_word' id='word_1_15' title='bbox 377 738 380 744; x_wconf 79' lang='lat'>,</span> <span class='ocrx_word' id='word_1_16' title='bbox 783 795 884 869; x_wconf 47' lang='grc'><strong><em>1454</em></strong></span> <span class='ocrx_word' id='word_1_17' title='bbox 1045 691 1200 781; x_wconf 83' lang='lat' dir='ltr'>(Pollux</span> <span class='ocrx_word' id='word_1_18' title='bbox 1221 691 1325 788; x_wconf 89' lang='lat' dir='ltr'>Vlll,</span> <span class='ocrx_word' id='word_1_19' title='bbox 1351 693 1448 784; x_wconf 82' lang='lat'>59.)</span> 
     </span>
    </p>
   </div>
   <div class='ocr_carea' id='block_1_4' title="bbox 130 922 1563 1888">
    <p class='ocr_par' dir='ltr' id='par_1_4' title="bbox 130 922 1563 1281">
     <span class='ocr_line' id='line_1_4' title="bbox 130 922 1563 1029; baseline -0.001 -25"><span class='ocrx_word' id='word_1_20' title='bbox 130 1014 135 1029; x_wconf 35' lang='grc' dir='ltr'>Ι</span> <span class='ocrx_word' id='word_1_21' title='bbox 257 925 365 1004; x_wconf 82' lang='lat' dir='ltr'>Aetio</span> <span class='ocrx_word' id='word_1_22' title='bbox 394 938 520 1003; x_wconf 85' lang='lat' dir='ltr'>autem</span> <span class='ocrx_word' id='word_1_23' title='bbox 548 925 602 999; x_wconf 89' lang='lat' dir='ltr'><strong><em>de</em></strong></span> <span class='ocrx_word' id='word_1_24' title='bbox 631 925 676 999; x_wconf 91' lang='lat' dir='ltr'><strong><em>vi</em></strong></span> <span class='ocrx_word' id='word_1_25' title='bbox 704 922 840 1015; x_wconf 87' lang='lat' dir='ltr'>oritur,</span> <span class='ocrx_word' id='word_1_26' title='bbox 869 950 955 1003; x_wconf 83' lang='lat' dir='ltr'><strong><em>oum</em></strong></span> <span class='ocrx_word' id='word_1_27' title='bbox 974 927 1055 1025; x_wconf 90' lang='lat' dir='ltr'>quis</span> <span class='ocrx_word' id='word_1_28' title='bbox 1075 925 1236 1024; x_wconf 86' lang='lat' dir='ltr'>aliquem</span> <span class='ocrx_word' id='word_1_29' title='bbox 1255 938 1485 1020; x_wconf 82' lang='lat' dir='ltr'>ementem,</span> <span class='ocrx_word' id='word_1_30' title='bbox 1518 955 1563 1003; x_wconf 91' lang='lat' dir='ltr'><strong><em>eo</em></strong></span> 
     </span>
     <span class='ocr_line' id='line_1_5' title="bbox 150 1046 1562 1154; baseline 0.001 -26"><span class='ocrx_word' id='word_1_31' title='bbox 150 1054 248 1154; x_wconf 88' lang='lat' dir='ltr'>quod</span> <span class='ocrx_word' id='word_1_32' title='bbox 269 1052 375 1140; x_wconf 87' lang='lat' dir='ltr'>emit,</span> <span class='ocrx_word' id='word_1_33' title='bbox 407 1051 480 1125; x_wconf 79' lang='lat' dir='ltr'>frui</span> <span class='ocrx_word' id='word_1_34' title='bbox 500 1076 574 1125; x_wconf 88' lang='lat' dir='ltr'><strong><em>non</em></strong></span> <span class='ocrx_word' id='word_1_35' title='bbox 593 1048 752 1149; x_wconf 84' lang='lat' dir='ltr'>patitur,</span> <span class='ocrx_word' id='word_1_36' title='bbox 777 1046 843 1124; x_wconf 90' lang='lat' dir='ltr'><strong><em>sed</em></strong></span> <span class='ocrx_word' id='word_1_37' title='bbox 863 1061 928 1125; x_wconf 84' lang='lat' dir='ltr'><strong><em>sut</em></strong></span> <span class='ocrx_word' id='word_1_38' title='bbox 948 1048 1203 1152; x_wconf 81' lang='lat' dir='ltr'>possidentem</span> <span class='ocrx_word' id='word_1_39' title='bbox 1223 1050 1350 1150; x_wconf 85' lang='lat' dir='ltr'>ejicit,</span> <span class='ocrx_word' id='word_1_40' title='bbox 1375 1063 1449 1128; x_wconf 84' lang='lat' dir='ltr'><strong><em>aut</em></strong></span> <span class='ocrx_word' id='word_1_41' title='bbox 1470 1080 1562 1154; x_wconf 88' lang='lat' dir='ltr'>pos·</span> 
     </span>
     <span class='ocr_line' id='line_1_6' title="bbox 150 1174 454 1281; baseline -0.02 -25"><span class='ocrx_word' id='word_1_42' title='bbox 150 1179 269 1255; x_wconf 82' lang='lat' dir='ltr'>sidere</span> <span class='ocrx_word' id='word_1_43' title='bbox 289 1174 454 1281; x_wconf 87' lang='lat' dir='ltr'>impedit.</span> 
     </span>
    </p>

    <p class='ocr_par' dir='ltr' id='par_1_5' title="bbox 784 1282 896 1357">
     <span class='ocr_line' id='line_1_7' title="bbox 784 1282 896 1357; baseline 0.018 -2"><span class='ocrx_word' id='word_1_44' title='bbox 784 1282 896 1357; x_wconf 91' lang='grc'><strong>1455.</strong></span> 
     </span>
    </p>

    <p class='ocr_par' dir='ltr' id='par_1_6' title="bbox 151 1414 1562 1775">
     <span class='ocr_line' id='line_1_8' title="bbox 258 1414 1562 1528; baseline 0.002 -28"><span class='ocrx_word' id='word_1_45' title='bbox 258 1429 336 1500; x_wconf 80' lang='grc' dir='ltr'><strong><em>Καὶ</em></strong></span> <span class='ocrx_word' id='word_1_46' title='bbox 365 1426 590 1528; x_wconf 75' lang='grc' dir='ltr'><strong><em>ἐπεργασίας</em></strong></span> <span class='ocrx_word' id='word_1_47' title='bbox 620 1419 661 1495; x_wconf 83' lang='grc' dir='ltr'><strong><em>δέ</em></strong></span> <span class='ocrx_word' id='word_1_48' title='bbox 687 1451 741 1508; x_wconf 87' lang='grc' dir='ltr'><strong><em>τις</em></strong></span> <span class='ocrx_word' id='word_1_49' title='bbox 770 1425 808 1495; x_wconf 89' lang='grc' dir='ltr'><strong><em>εί</em></strong></span> <span class='ocrx_word' id='word_1_50' title='bbox 833 1421 1024 1526; x_wconf 83' lang='grc' dir='ltr'><strong><em>εἴργοιτο,</em></strong></span> <span class='ocrx_word' id='word_1_51' title='bbox 1056 1420 1213 1498; x_wconf 88' lang='grc' dir='ltr'><strong><em>δίδωσιν</em></strong></span> <span class='ocrx_word' id='word_1_52' title='bbox 1232 1414 1253 1496; x_wconf 87' lang='grc' dir='ltr'><strong><em>ό</em></strong></span> <span class='ocrx_word' id='word_1_53' title='bbox 1274 1421 1405 1521; x_wconf 84' lang='grc' dir='ltr'><strong><em>νόμος</em></strong></span> <span class='ocrx_word' id='word_1_54' title='bbox 1439 1424 1562 1503; x_wconf 79' lang='grc' dir='ltr'><strong><em>δικά-</em></strong></span> 
     </span>
     <span class='ocr_line' id='line_1_9' title="bbox 152 1543 1561 1652; baseline 0.003 -26"><span class='ocrx_word' id='word_1_55' title='bbox 152 1556 286 1643; x_wconf 81' lang='grc' dir='ltr'><strong><em>ζεσθαι</em></strong></span> <span class='ocrx_word' id='word_1_56' title='bbox 315 1547 406 1648; x_wconf 84' lang='grc' dir='ltr'><strong><em>πρὸς</em></strong></span> <span class='ocrx_word' id='word_1_57' title='bbox 423 1546 496 1625; x_wconf 85' lang='grc' dir='ltr'><strong><em>τόν</em></strong></span> <span class='ocrx_word' id='word_1_58' title='bbox 513 1548 693 1652; x_wconf 74' lang='grc' dir='ltr'><strong><em>εἴργονται</em></strong></span> <span class='ocrx_word' id='word_1_59' title='bbox 722 1543 897 1639; x_wconf 77' lang='grc' dir='ltr'><strong><em>ἐξούλης,</em></strong></span> <span class='ocrx_word' id='word_1_60' title='bbox 926 1554 995 1623; x_wconf 87' lang='grc' dir='ltr'><strong><em>καί</em></strong></span> <span class='ocrx_word' id='word_1_61' title='bbox 1024 1554 1106 1646; x_wconf 88' lang='grc' dir='ltr'><strong><em>περί</em></strong></span> <span class='ocrx_word' id='word_1_62' title='bbox 1133 1544 1390 1648; x_wconf 80' lang='grc' dir='ltr'><strong><em>ἀνδραπόδου</em></strong></span> <span class='ocrx_word' id='word_1_63' title='bbox 1422 1551 1561 1630; x_wconf 78' lang='grc' dir='ltr'><strong><em>δὲκαὶ</em></strong></span> 
     </span>
     <span class='ocr_line' id='line_1_10' title="bbox 151 1662 871 1775; baseline 0.003 -25"><span class='ocrx_word' id='word_1_64' title='bbox 151 1673 292 1766; x_wconf 87' lang='grc' dir='ltr'><strong><em>παντὸς</em></strong></span> <span class='ocrx_word' id='word_1_65' title='bbox 312 1665 361 1751; x_wconf 89' lang='grc' dir='ltr'><strong><em>ού</em></strong></span> <span class='ocrx_word' id='word_1_66' title='bbox 380 1679 473 1771; x_wconf 89' lang='grc' dir='ltr'><strong><em>φησί</em></strong></span> <span class='ocrx_word' id='word_1_67' title='bbox 491 1704 546 1761; x_wconf 93' lang='grc' dir='ltr'><strong><em>τις</em></strong></span> <span class='ocrx_word' id='word_1_68' title='bbox 565 1662 673 1775; x_wconf 75' lang='grc' dir='ltr'><strong><em>αύτῷ</em></strong></span> <span class='ocrx_word' id='word_1_69' title='bbox 689 1683 871 1772; x_wconf 88' lang='grc' dir='ltr'><strong><em>μετεῖναι.</em></strong></span> 
     </span>
    </p>

    <p class='ocr_par' dir='ltr' id='par_1_7' title="bbox 855 1782 1446 1888">
     <span class='ocr_line' id='line_1_11' title="bbox 855 1782 1446 1888; baseline 0.002 -29"><span class='ocrx_word' id='word_1_70' title='bbox 855 1784 1123 1888; x_wconf 79' lang='lat' dir='ltr'>(Harpocratio</span> <span class='ocrx_word' id='word_1_71' title='bbox 1141 1813 1170 1863; x_wconf 92' lang='lat' dir='ltr'><strong><em>s.</em></strong></span> <span class='ocrx_word' id='word_1_72' title='bbox 1189 1813 1224 1863; x_wconf 86' lang='lat' dir='ltr'><strong><em>v.</em></strong></span> <span class='ocrx_word' id='word_1_73' title='bbox 1243 1782 1446 1882; x_wconf 77' lang='grc' dir='ltr'><strong><em>ἐξούλης.)</em></strong></span> 
     </span>
    </p>
   </div>
   <div class='ocr_carea' id='block_1_5' title="bbox 790 1945 904 2021">
    <p class='ocr_par' dir='ltr' id='par_1_8' title="bbox 790 1945 904 2021">
     <span class='ocr_line' id='line_1_12' title="bbox 790 1945 904 2021; baseline 0.009 -1"><span class='ocrx_word' id='word_1_74' title='bbox 790 1945 904 2021; x_wconf 91' lang='grc'><strong>1455.</strong></span> 
     </span>
    </p>
   </div>
   <div class='ocr_carea' id='block_1_6' title="bbox 149 2061 1558 2428">
    <p class='ocr_par' dir='ltr' id='par_1_9' title="bbox 149 2061 1558 2428">
     <span class='ocr_line' id='line_1_13' title="bbox 185 2061 1558 2174; baseline 0.002 -23"><span class='ocrx_word' id='word_1_75' title='bbox 185 2061 190 2071; x_wconf 56' lang='grc'><strong>’</strong></span> <span class='ocrx_word' id='word_1_76' title='bbox 259 2075 381 2151; x_wconf 78' lang='lat' dir='ltr'>Etiam</span> <span class='ocrx_word' id='word_1_77' title='bbox 401 2075 431 2150; x_wconf 87' lang='lat' dir='ltr'><strong><em>si</em></strong></span> <span class='ocrx_word' id='word_1_78' title='bbox 450 2075 532 2173; x_wconf 87' lang='lat' dir='ltr'>quis</span> <span class='ocrx_word' id='word_1_79' title='bbox 552 2074 674 2174; x_wconf 89' lang='lat' dir='ltr'>operis</span> <span class='ocrx_word' id='word_1_80' title='bbox 693 2073 928 2149; x_wconf 79' lang='lat' dir='ltr'>absolutione</span> <span class='ocrx_word' id='word_1_81' title='bbox 951 2073 1160 2174; x_wconf 82' lang='lat' dir='ltr'>prohibitus</span> <span class='ocrx_word' id='word_1_82' title='bbox 1179 2074 1310 2166; x_wconf 86' lang='lat' dir='ltr'>fuerit,</span> <span class='ocrx_word' id='word_1_83' title='bbox 1343 2076 1412 2154; x_wconf 86' lang='lat' dir='ltr'><strong><em>lex</em></strong></span> <span class='ocrx_word' id='word_1_84' title='bbox 1434 2079 1473 2153; x_wconf 89' lang='lat' dir='ltr'><strong><em>ei</em></strong></span> <span class='ocrx_word' id='word_1_85' title='bbox 1495 2079 1558 2154; x_wconf 81' lang='lat' dir='ltr'><strong><em>ad·</em></strong></span> 
     </span>
     <span class='ocr_line' id='line_1_14' title="bbox 149 2199 1558 2307; baseline 0.003 -29"><span class='ocrx_word' id='word_1_86' title='bbox 149 2224 281 2278; x_wconf 81' lang='lat' dir='ltr'>versus</span> <span class='ocrx_word' id='word_1_87' title='bbox 310 2200 570 2302; x_wconf 84' lang='lat' dir='ltr'>prohibentem</span> <span class='ocrx_word' id='word_1_88' title='bbox 598 2199 662 2276; x_wconf 81' lang='lat' dir='ltr'><strong><em>dat</em></strong></span> <span class='ocrx_word' id='word_1_89' title='bbox 689 2200 873 2278; x_wconf 76' lang='lat' dir='ltr'>astionem</span> <span class='ocrx_word' id='word_1_90' title='bbox 902 2199 949 2274; x_wconf 89' lang='lat' dir='ltr'><strong><em>de</em></strong></span> <span class='ocrx_word' id='word_1_91' title='bbox 979 2199 1038 2290; x_wconf 93' lang='lat' dir='ltr'><strong><em>vi,</em></strong></span> <span class='ocrx_word' id='word_1_92' title='bbox 1065 2199 1152 2274; x_wconf 87' lang='lat' dir='ltr'>item</span> <span class='ocrx_word' id='word_1_93' title='bbox 1173 2211 1211 2274; x_wconf 87' lang='lat' dir='ltr'><strong><em>et</em></strong></span> <span class='ocrx_word' id='word_1_94' title='bbox 1227 2200 1274 2275; x_wconf 88' lang='lat' dir='ltr'><strong><em>de</em></strong></span> <span class='ocrx_word' id='word_1_95' title='bbox 1293 2204 1504 2307; x_wconf 75' lang='lat' dir='ltr'>mancipio</span> <span class='ocrx_word' id='word_1_96' title='bbox 1523 2219 1558 2282; x_wconf 86' lang='lat' dir='ltr'><strong><em>et</em></strong></span> 
     </span>
     <span class='ocr_line' id='line_1_15' title="bbox 151 2325 1268 2428; baseline -0.004 -21"><span class='ocrx_word' id='word_1_97' title='bbox 151 2329 197 2407; x_wconf 75' lang='lat' dir='ltr'><strong><em>de</em></strong></span> <span class='ocrx_word' id='word_1_98' title='bbox 216 2327 348 2428; x_wconf 77' lang='lat' dir='ltr'>quavis</span> <span class='ocrx_word' id='word_1_99' title='bbox 365 2351 405 2404; x_wconf 85' lang='lat' dir='ltr'><strong><em>re</em></strong></span> <span class='ocrx_word' id='word_1_100' title='bbox 425 2351 537 2424; x_wconf 76' lang='lat' dir='ltr'>quem</span> <span class='ocrx_word' id='word_1_101' title='bbox 557 2325 639 2426; x_wconf 86' lang='lat' dir='ltr'>quis</span> <span class='ocrx_word' id='word_1_102' title='bbox 657 2325 704 2402; x_wconf 80' lang='lat' dir='ltr'><strong><em>sd</em></strong></span> <span class='ocrx_word' id='word_1_103' title='bbox 725 2351 764 2402; x_wconf 85' lang='lat' dir='ltr'><strong><em>se</em></strong></span> <span class='ocrx_word' id='word_1_104' title='bbox 784 2351 804 2402; x_wconf 87' lang='lat' dir='ltr'>e</span> <span class='ocrx_word' id='word_1_105' title='bbox 824 2336 932 2428; x_wconf 83' lang='lat' dir='ltr'>parte</span> <span class='ocrx_word' id='word_1_106' title='bbox 951 2325 1138 2426; x_wconf 87' lang='lat' dir='ltr'>pertinere</span> <span class='ocrx_word' id='word_1_107' title='bbox 1158 2325 1268 2402; x_wconf 79' lang='lat' dir='ltr'>dicat.</span> 
     </span>
    </p>
   </div>
   <div class='ocr_carea' id='block_1_7' title="bbox 152 2599 1551 2833">
    <p class='ocr_par' dir='ltr' id='par_1_10' title="bbox 152 2599 1551 2833">
     <span class='ocr_line' id='line_1_16' title="bbox 260 2599 1551 2713; baseline 0.003 -28"><span class='ocrx_word' id='word_1_108' title='bbox 260 2611 308 2685; x_wconf 82' lang='grc' dir='ltr'><strong><em>Οἱ</em></strong></span> <span class='ocrx_word' id='word_1_109' title='bbox 336 2607 490 2700; x_wconf 80' lang='grc' dir='ltr'><strong><em>ἐξούλης</em></strong></span> <span class='ocrx_word' id='word_1_110' title='bbox 519 2599 676 2696; x_wconf 86' lang='grc' dir='ltr'><strong><em>ἀλόντες</em></strong></span> <span class='ocrx_word' id='word_1_111' title='bbox 703 2611 772 2683; x_wconf 89' lang='grc' dir='ltr'><strong><em>καὶ</em></strong></span> <span class='ocrx_word' id='word_1_112' title='bbox 802 2608 857 2707; x_wconf 74' lang='grc' dir='ltr'><strong><em>τῷ</em></strong></span> <span class='ocrx_word' id='word_1_113' title='bbox 885 2608 1011 2685; x_wconf 75' lang='grc' dir='ltr'><strong><em>ἑλόντι</em></strong></span> <span class='ocrx_word' id='word_1_114' title='bbox 1033 2607 1230 2699; x_wconf 77' lang='grc' dir='ltr'><strong><em>διδοῦσιν,</em></strong></span> <span class='ocrx_word' id='word_1_115' title='bbox 1264 2603 1551 2713; x_wconf 79' lang='grc' dir='ltr'><strong><em>δάφηρούντσ</em></strong></span> 
     </span>
     <span class='ocr_line' id='line_1_17' title="bbox 152 2731 1231 2833; baseline -0.002 -23"><span class='ocrx_word' id='word_1_116' title='bbox 152 2731 278 2812; x_wconf 85' lang='grc' dir='ltr'><strong><em>αύτού</em></strong></span> <span class='ocrx_word' id='word_1_117' title='bbox 287 2790 299 2824; x_wconf 93' lang='grc'><strong><em>,</em></strong></span> <span class='ocrx_word' id='word_1_118' title='bbox 327 2737 397 2808; x_wconf 90' lang='grc' dir='ltr'><strong><em>καὶ</em></strong></span> <span class='ocrx_word' id='word_1_119' title='bbox 417 2733 470 2833; x_wconf 73' lang='grc' dir='ltr'><strong><em>τῷ</em></strong></span> <span class='ocrx_word' id='word_1_120' title='bbox 491 2731 661 2833; x_wconf 78' lang='grc' dir='ltr'><strong><em>δημοσίῳ</em></strong></span> <span class='ocrx_word' id='word_1_121' title='bbox 678 2739 923 2808; x_wconf 78' lang='grc' dir='ltr'><strong><em>κατατιθεῖσι</em></strong></span> <span class='ocrx_word' id='word_1_122' title='bbox 943 2731 989 2808; x_wconf 89' lang='grc' dir='ltr'><strong><em>τά</em></strong></span> <span class='ocrx_word' id='word_1_123' title='bbox 1011 2741 1231 2832; x_wconf 76' lang='grc' dir='ltr'><strong><em>τιμηθέντα.</em></strong></span> 
     </span>
    </p>
   </div>
   <div class='ocr_carea' id='block_1_8' title="bbox 787 2859 1442 3043">
    <p class='ocr_par' dir='ltr' id='par_1_11' title="bbox 787 2859 1442 3043">
     <span class='ocr_line' id='line_1_18' title="bbox 1041 2859 1442 2962; baseline -0.005 -23"><span class='ocrx_word' id='word_1_124' title='bbox 1041 2861 1214 2957; x_wconf 78' lang='lat' dir='ltr'>(Suidasz</span> <span class='ocrx_word' id='word_1_125' title='bbox 1242 2859 1442 2962; x_wconf 81' lang='grc' dir='ltr'><strong><em>ἐξούλης.)</em></strong></span> 
     </span>
     <span class='ocr_line' id='line_1_19' title="bbox 787 2967 900 3043; baseline 0.018 -3"><span class='ocrx_word' id='word_1_126' title='bbox 787 2967 900 3043; x_wconf 85' lang='grc'><strong>1456.</strong></span> 
     </span>
    </p>
   </div>
   <div class='ocr_carea' id='block_1_9' title="bbox 152 3091 1542 3446">
    <p class='ocr_par' dir='ltr' id='par_1_12' title="bbox 152 3091 1542 3446">
     <span class='ocr_line' id='line_1_20' title="bbox 258 3091 1542 3204; baseline 0.006 -33"><span class='ocrx_word' id='word_1_127' title='bbox 258 3096 331 3191; x_wconf 81' lang='lat' dir='ltr'><strong><em>Qui</em></strong></span> <span class='ocrx_word' id='word_1_128' title='bbox 350 3092 396 3170; x_wconf 89' lang='lat' dir='ltr'><strong><em>de</em></strong></span> <span class='ocrx_word' id='word_1_129' title='bbox 416 3092 452 3166; x_wconf 91' lang='lat' dir='ltr'><strong><em>vi</em></strong></span> <span class='ocrx_word' id='word_1_130' title='bbox 473 3092 632 3167; x_wconf 83' lang='lat' dir='ltr'>convicti</span> <span class='ocrx_word' id='word_1_131' title='bbox 651 3091 812 3186; x_wconf 85' lang='lat' dir='ltr'>fuerint,</span> <span class='ocrx_word' id='word_1_132' title='bbox 832 3119 910 3168; x_wconf 91' lang='lat' dir='ltr'><strong><em>non</em></strong></span> <span class='ocrx_word' id='word_1_133' title='bbox 931 3095 1050 3170; x_wconf 89' lang='lat' dir='ltr'>solum</span> <span class='ocrx_word' id='word_1_134' title='bbox 1070 3097 1120 3190; x_wconf 89' lang='lat' dir='ltr'><strong><em>ei,</em></strong></span> <span class='ocrx_word' id='word_1_135' title='bbox 1146 3097 1209 3195; x_wconf 93' lang='lat' dir='ltr'><strong><em>qui</em></strong></span> <span class='ocrx_word' id='word_1_136' title='bbox 1227 3097 1331 3197; x_wconf 87' lang='lat' dir='ltr'>ipsos</span> <span class='ocrx_word' id='word_1_137' title='bbox 1352 3127 1443 3177; x_wconf 86' lang='lat' dir='ltr'>reos</span> <span class='ocrx_word' id='word_1_138' title='bbox 1463 3129 1542 3204; x_wconf 88' lang='lat' dir='ltr'>per·</span> 
     </span>
     <span class='ocr_line' id='line_1_21' title="bbox 152 3216 1541 3329; baseline 0.003 -32"><span class='ocrx_word' id='word_1_139' title='bbox 152 3223 251 3321; x_wconf 79' lang='lat' dir='ltr'>agit,</span> <span class='ocrx_word' id='word_1_140' title='bbox 281 3219 496 3311; x_wconf 86' lang='lat' dir='ltr'>restituunt,</span> <span class='ocrx_word' id='word_1_141' title='bbox 527 3244 622 3318; x_wconf 84' lang='lat' dir='ltr'>quae</span> <span class='ocrx_word' id='word_1_142' title='bbox 642 3216 896 3311; x_wconf 83' lang='lat' dir='ltr'>abstulerunt,</span> <span class='ocrx_word' id='word_1_143' title='bbox 912 3220 993 3295; x_wconf 80' lang='lat' dir='ltr'><strong><em>sed</em></strong></span> <span class='ocrx_word' id='word_1_144' title='bbox 1013 3220 1125 3296; x_wconf 83' lang='lat' dir='ltr'>etism</span> <span class='ocrx_word' id='word_1_145' title='bbox 1144 3222 1381 3323; x_wconf 77' lang='lat' dir='ltr'>reipublicae</span> <span class='ocrx_word' id='word_1_146' title='bbox 1401 3227 1541 3329; x_wconf 88' lang='lat' dir='ltr'>persol-</span> 
     </span>
     <span class='ocr_line' id='line_1_22' title="bbox 152 3343 801 3446; baseline -0.006 -22"><span class='ocrx_word' id='word_1_147' title='bbox 152 3358 245 3424; x_wconf 88' lang='lat' dir='ltr'>vunt</span> <span class='ocrx_word' id='word_1_148' title='bbox 265 3369 422 3446; x_wconf 84' lang='lat' dir='ltr'>eaquae</span> <span class='ocrx_word' id='word_1_149' title='bbox 442 3343 580 3420; x_wconf 80' lang='lat' dir='ltr'>fuerint</span> <span class='ocrx_word' id='word_1_150' title='bbox 597 3343 801 3421; x_wconf 81' lang='lat' dir='ltr'>aestimata.</span> 
     </span>
    </p>
   </div>
   <div class='ocr_carea' id='block_1_10' title="bbox 667 3508 897 3586">
    <p class='ocr_par' dir='ltr' id='par_1_13' title="bbox 667 3508 897 3586">
     <span class='ocr_line' id='line_1_23' title="bbox 667 3508 897 3586; baseline 0 0"><span class='ocrx_word' id='word_1_151' title='bbox 667 3582 669 3586; x_wconf 79' lang='grc'><strong><em>,</em></strong></span> <span class='ocrx_word' id='word_1_152' title='bbox 784 3508 897 3586; x_wconf 90' lang='grc'><strong>1457.</strong></span> 
     </span>
    </p>
   </div>
   <div class='ocr_carea' id='block_1_11' title="bbox 154 3625 1538 3863">
    <p class='ocr_par' dir='ltr' id='par_1_14' title="bbox 154 3625 1538 3863">
     <span class='ocr_line' id='line_1_24' title="bbox 259 3625 1538 3736; baseline 0.006 -30"><span class='ocrx_word' id='word_1_153' title='bbox 259 3635 342 3717; x_wconf 87' lang='grc' dir='ltr'><strong><em>Είς</em></strong></span> <span class='ocrx_word' id='word_1_154' title='bbox 374 3628 613 3727; x_wconf 74' lang='grc' dir='ltr'><strong><em>ἐμφανῶν</em></strong></span> <span class='ocrx_word' id='word_1_155' title='bbox 639 3629 979 3722; x_wconf 86' lang='grc' dir='ltr'><strong><em>κατάστασιν,</em></strong></span> <span class='ocrx_word' id='word_1_156' title='bbox 1019 3625 1146 3730; x_wconf 74' lang='grc' dir='ltr'><strong><em>ὄνομα</em></strong></span> <span class='ocrx_word' id='word_1_157' title='bbox 1176 3631 1283 3724; x_wconf 80' lang='grc' dir='ltr'><strong><em>δίκης</em></strong></span> <span class='ocrx_word' id='word_1_158' title='bbox 1310 3639 1423 3712; x_wconf 82' lang='grc' dir='ltr'><strong><em>ἐστίν</em></strong></span> <span class='ocrx_word' id='word_1_159' title='bbox 1451 3628 1538 3736; x_wconf 82' lang='grc' dir='ltr'><strong><em>ύπὲρ</em></strong></span> 
     </span>
     <span class='ocr_line' id='line_1_25' title="bbox 154 3752 1435 3863; baseline 0.005 -29"><span class='ocrx_word' id='word_1_160' title='bbox 154 3757 227 3833; x_wconf 89' lang='grc' dir='ltr'><strong><em>τού</em></strong></span> <span class='ocrx_word' id='word_1_161' title='bbox 244 3754 291 3831; x_wconf 85' lang='grc' dir='ltr'><strong><em>τά</em></strong></span> <span class='ocrx_word' id='word_1_162' title='bbox 312 3752 655 3855; x_wconf 74' lang='grc' dir='ltr'><strong><em>ἀμφισβητούμενα</em></strong></span> <span class='ocrx_word' id='word_1_163' title='bbox 674 3762 716 3832; x_wconf 89' lang='grc' dir='ltr'><strong><em>ἐν</em></strong></span> <span class='ocrx_word' id='word_1_164' title='bbox 735 3755 891 3856; x_wconf 78' lang='grc' dir='ltr'><strong><em>φανερῷ</em></strong></span> <span class='ocrx_word' id='word_1_165' title='bbox 911 3753 1063 3846; x_wconf 78' lang='grc' dir='ltr'><strong><em>ποιῆσαι</em></strong></span> <span class='ocrx_word' id='word_1_166' title='bbox 1126 3760 1435 3863; x_wconf 80' lang='lat' dir='ltr'>(Harpocratio.)</span> 
     </span>
    </p>
   </div>
   <div class='ocr_carea' id='block_1_12' title="bbox 155 3922 1537 4274">
    <p class='ocr_par' dir='ltr' id='par_1_15' title="bbox 155 3922 1537 4274">
     <span class='ocr_line' id='line_1_26' title="bbox 678 3922 906 3997; baseline 0.031 -8"><span class='ocrx_word' id='word_1_167' title='bbox 678 3979 682 3989; x_wconf 95' lang='lat'>.</span> <span class='ocrx_word' id='word_1_168' title='bbox 793 3922 906 3997; x_wconf 88' lang='grc'><strong>1457.</strong></span> 
     </span>
     <span class='ocr_line' id='line_1_27' title="bbox 261 4044 1537 4151; baseline 0.007 -27"><span class='ocrx_word' id='word_1_169' title='bbox 261 4045 368 4125; x_wconf 84' lang='lat' dir='ltr'>Actio</span> <span class='ocrx_word' id='word_1_170' title='bbox 389 4047 435 4124; x_wconf 84' lang='lat' dir='ltr'><strong><em>ad</em></strong></span> <span class='ocrx_word' id='word_1_171' title='bbox 455 4044 706 4122; x_wconf 81' lang='lat' dir='ltr'>exhibendum</span> <span class='ocrx_word' id='word_1_172' title='bbox 724 4045 800 4122; x_wconf 90' lang='lat' dir='ltr'>litis</span> <span class='ocrx_word' id='word_1_173' title='bbox 819 4071 957 4122; x_wconf 89' lang='lat' dir='ltr'>nomen</span> <span class='ocrx_word' id='word_1_174' title='bbox 976 4058 1051 4141; x_wconf 88' lang='lat' dir='ltr'>est,</span> <span class='ocrx_word' id='word_1_175' title='bbox 1077 4074 1171 4149; x_wconf 82' lang='lat' dir='ltr'>quse</span> <span class='ocrx_word' id='word_1_176' title='bbox 1189 4048 1419 4151; x_wconf 85' lang='lat' dir='ltr'>intenditur,</span> <span class='ocrx_word' id='word_1_177' title='bbox 1440 4068 1481 4133; x_wconf 89' lang='lat' dir='ltr'><strong><em>ut</em></strong></span> <span class='ocrx_word' id='word_1_178' title='bbox 1498 4082 1537 4133; x_wconf 78' lang='lat' dir='ltr'><strong><em>es</em></strong></span> 
     </span>
     <span class='ocr_line' id='line_1_28' title="bbox 155 4171 1232 4274; baseline 0.005 -24"><span class='ocrx_word' id='word_1_179' title='bbox 155 4174 202 4252; x_wconf 87' lang='lat' dir='ltr'><strong><em>de</em></strong></span> <span class='ocrx_word' id='word_1_180' title='bbox 221 4174 353 4274; x_wconf 87' lang='lat' dir='ltr'>quibus</span> <span class='ocrx_word' id='word_1_181' title='bbox 373 4184 429 4249; x_wconf 88' lang='lat' dir='ltr'><strong><em>est</em></strong></span> <span class='ocrx_word' id='word_1_182' title='bbox 448 4171 761 4249; x_wconf 82' lang='lat' dir='ltr'>controversiain</span> <span class='ocrx_word' id='word_1_183' title='bbox 780 4182 951 4272; x_wconf 82' lang='lat' dir='ltr'>apertum</span> <span class='ocrx_word' id='word_1_184' title='bbox 970 4172 1232 4274; x_wconf 81' lang='lat' dir='ltr'>producantur,</span> 
     </span>
    </p>
   </div>
   <div class='ocr_carea' id='block_1_13' title="bbox 789 4350 901 4425">
    <p class='ocr_par' dir='ltr' id='par_1_16' title="bbox 789 4350 901 4425">
     <span class='ocr_line' id='line_1_29' title="bbox 789 4350 901 4425; baseline 0.018 -2"><span class='ocrx_word' id='word_1_185' title='bbox 789 4350 901 4425; x_wconf 85' lang='grc'><strong>1458.</strong></span> 
     </span>
    </p>
   </div>
   <div class='ocr_carea' id='block_1_14' title="bbox 156 4470 1537 4958">
    <p class='ocr_par' dir='ltr' id='par_1_17' title="bbox 156 4470 1537 4958">
     <span class='ocr_line' id='line_1_30' title="bbox 266 4470 1537 4572; baseline 0.009 -22"><span class='ocrx_word' id='word_1_186' title='bbox 266 4472 347 4566; x_wconf 78' lang='grc' dir='ltr'><strong><em>Τὴν</em></strong></span> <span class='ocrx_word' id='word_1_187' title='bbox 374 4478 426 4560; x_wconf 85' lang='grc' dir='ltr'><strong><em>είς</em></strong></span> <span class='ocrx_word' id='word_1_188' title='bbox 453 4473 638 4572; x_wconf 76' lang='grc' dir='ltr'><strong><em>ἐμφανῶν</em></strong></span> <span class='ocrx_word' id='word_1_189' title='bbox 664 4470 899 4548; x_wconf 86' lang='grc' dir='ltr'><strong><em>κατάστασιν</em></strong></span> <span class='ocrx_word' id='word_1_190' title='bbox 928 4474 1133 4551; x_wconf 85' lang='grc' dir='ltr'><strong><em>παιούνταί</em></strong></span> <span class='ocrx_word' id='word_1_191' title='bbox 1161 4507 1259 4566; x_wconf 86' lang='grc' dir='ltr'><strong><em>τινες</em></strong></span> <span class='ocrx_word' id='word_1_192' title='bbox 1288 4475 1537 4570; x_wconf 70' lang='grc' dir='ltr'><strong><em>ἀπολέσαντες</em></strong></span> 
     </span>
     <span class='ocr_line' id='line_1_31' title="bbox 156 4595 1535 4700; baseline 0.006 -22"><span class='ocrx_word' id='word_1_193' title='bbox 156 4633 191 4678; x_wconf 90' lang='grc' dir='ltr'><strong><em>τι</em></strong></span> <span class='ocrx_word' id='word_1_194' title='bbox 211 4601 289 4678; x_wconf 78' lang='grc' dir='ltr'><strong><em>τῶν</em></strong></span> <span class='ocrx_word' id='word_1_195' title='bbox 317 4597 427 4676; x_wconf 89' lang='grc' dir='ltr'><strong><em>ίδίων</em></strong></span> <span class='ocrx_word' id='word_1_196' title='bbox 456 4600 605 4675; x_wconf 76' lang='grc' dir='ltr'><strong><em>σκευῶν</em></strong></span> <span class='ocrx_word' id='word_1_197' title='bbox 636 4595 658 4690; x_wconf 75' lang='grc' dir='ltr'><em>ἢ</em></span> <span class='ocrx_word' id='word_1_198' title='bbox 685 4595 941 4698; x_wconf 84' lang='grc' dir='ltr'><strong><em>ἀνδραπόδων</em></strong></span> <span class='ocrx_word' id='word_1_199' title='bbox 961 4595 983 4691; x_wconf 74' lang='grc' dir='ltr'>ἢ</span> <span class='ocrx_word' id='word_1_200' title='bbox 1001 4601 1155 4692; x_wconf 75' lang='grc' dir='ltr'><strong><em>κτηνῶν</em></strong></span> <span class='ocrx_word' id='word_1_201' title='bbox 1173 4598 1197 4694; x_wconf 73' lang='grc' dir='ltr'>ἢ</span> <span class='ocrx_word' id='word_1_202' title='bbox 1212 4634 1248 4679; x_wconf 89' lang='grc' dir='ltr'><strong><em>τι</em></strong></span> <span class='ocrx_word' id='word_1_203' title='bbox 1267 4606 1347 4682; x_wconf 87' lang='grc' dir='ltr'><strong><em>τῶν</em></strong></span> <span class='ocrx_word' id='word_1_204' title='bbox 1367 4615 1535 4700; x_wconf 84' lang='grc' dir='ltr'><strong><em>οἰκείων,</em></strong></span> 
     </span>
     <span class='ocr_line' id='line_1_32' title="bbox 157 4719 1536 4833; baseline 0.007 -29"><span class='ocrx_word' id='word_1_205' title='bbox 157 4731 408 4833; x_wconf 77' lang='grc' dir='ltr'><strong><em>γνωρίσαντες</em></strong></span> <span class='ocrx_word' id='word_1_206' title='bbox 428 4719 520 4823; x_wconf 82' lang='grc' dir='ltr'><strong><em>ὅπερ</em></strong></span> <span class='ocrx_word' id='word_1_207' title='bbox 539 4723 741 4801; x_wconf 78' lang='grc' dir='ltr'><strong><em>ἀπώλεσαν</em></strong></span> <span class='ocrx_word' id='word_1_208' title='bbox 761 4720 861 4824; x_wconf 90' lang='grc' dir='ltr'><strong><em>παρά</em></strong></span> <span class='ocrx_word' id='word_1_209' title='bbox 888 4748 984 4801; x_wconf 90' lang='grc' dir='ltr'><strong><em>τινι·</em></strong></span> <span class='ocrx_word' id='word_1_210' title='bbox 1013 4724 1075 4800; x_wconf 88' lang='grc' dir='ltr'><strong><em>διά</em></strong></span> <span class='ocrx_word' id='word_1_211' title='bbox 1095 4727 1231 4820; x_wconf 87' lang='grc' dir='ltr'><strong><em>ταύτης</em></strong></span> <span class='ocrx_word' id='word_1_212' title='bbox 1253 4725 1331 4807; x_wconf 89' lang='grc' dir='ltr'><strong><em>ούν</em></strong></span> <span class='ocrx_word' id='word_1_213' title='bbox 1349 4734 1418 4826; x_wconf 82' lang='grc' dir='ltr'><strong><em>τῆς</em></strong></span> <span class='ocrx_word' id='word_1_214' title='bbox 1436 4736 1536 4830; x_wconf 85' lang='grc' dir='ltr'><strong><em>δίκης</em></strong></span> 
     </span>
     <span class='ocr_line' id='line_1_33' title="bbox 158 4849 1534 4958; baseline 0.006 -27"><span class='ocrx_word' id='word_1_215' title='bbox 158 4851 361 4958; x_wconf 87' lang='grc' dir='ltr'><strong><em>ἐπαναγκαί</em></strong></span> <span class='ocrx_word' id='word_1_216' title='bbox 369 4860 475 4945; x_wconf 79' lang='grc' dir='ltr'><strong><em>ζουσι</em></strong></span> <span class='ocrx_word' id='word_1_217' title='bbox 494 4849 566 4928; x_wconf 84' lang='grc' dir='ltr'><strong><em>τὸν</em></strong></span> <span class='ocrx_word' id='word_1_218' title='bbox 586 4855 728 4949; x_wconf 76' lang='grc' dir='ltr'><strong><em>ἔχοντα</em></strong></span> <span class='ocrx_word' id='word_1_219' title='bbox 747 4850 898 4952; x_wconf 78' lang='grc' dir='ltr'><strong><em>ἐμφανῆ</em></strong></span> <span class='ocrx_word' id='word_1_220' title='bbox 928 4854 1162 4945; x_wconf 76' lang='grc' dir='ltr'><strong><em>καταστῆσαι</em></strong></span> <span class='ocrx_word' id='word_1_221' title='bbox 1182 4853 1282 4931; x_wconf 85' lang='grc' dir='ltr'><strong><em>αύτά</em></strong></span> <span class='ocrx_word' id='word_1_222' title='bbox 1299 4889 1341 4935; x_wconf 85' lang='grc' dir='ltr'><strong><em>τε</em></strong></span> <span class='ocrx_word' id='word_1_223' title='bbox 1360 4859 1409 4936; x_wconf 81' lang='lat' dir='ltr'><strong><em>wi</em></strong></span> <span class='ocrx_word' id='word_1_224' title='bbox 1431 4866 1534 4954; x_wconf 82' lang='grc' dir='ltr'><strong><em>σύλα,</em></strong></span> 
     </span>
    </p>
   </div>
   <div class='ocr_carea' id='block_1_15' title="bbox 158 4973 1536 5215">
    <p class='ocr_par' dir='ltr' id='par_1_18' title="bbox 158 4973 1536 5215">
     <span class='ocr_line' id='line_1_34' title="bbox 158 4973 1536 5088; baseline 0.008 -33"><span class='ocrx_word' id='word_1_225' title='bbox 158 4983 228 5055; x_wconf 89' lang='grc' dir='ltr'><strong><em>καί</em></strong></span> <span class='ocrx_word' id='word_1_226' title='bbox 247 4974 348 5078; x_wconf 79' lang='grc' dir='ltr'><strong><em>παρὰ</em></strong></span> <span class='ocrx_word' id='word_1_227' title='bbox 367 4983 471 5065; x_wconf 87' lang='grc' dir='ltr'><strong><em>τίνος</em></strong></span> <span class='ocrx_word' id='word_1_228' title='bbox 489 4973 663 5069; x_wconf 79' lang='grc' dir='ltr'><strong><em>ἀνησατο</em></strong></span> <span class='ocrx_word' id='word_1_229' title='bbox 683 4976 824 5055; x_wconf 85' lang='grc' dir='ltr'><strong><em>ταύτα·</em></strong></span> <span class='ocrx_word' id='word_1_230' title='bbox 851 4985 921 5055; x_wconf 86' lang='grc' dir='ltr'><strong><em>καὶ</em></strong></span> <span class='ocrx_word' id='word_1_231' title='bbox 950 4978 1067 5071; x_wconf 80' lang='grc' dir='ltr'><strong><em>δῆλον</em></strong></span> <span class='ocrx_word' id='word_1_232' title='bbox 1096 4976 1176 5071; x_wconf 85' lang='grc' dir='ltr'><strong><em>ὅτι,</em></strong></span> <span class='ocrx_word' id='word_1_233' title='bbox 1207 4986 1243 5056; x_wconf 84' lang='grc' dir='ltr'><strong><em>εἰ</em></strong></span> <span class='ocrx_word' id='word_1_234' title='bbox 1265 4986 1341 5081; x_wconf 76' lang='grc' dir='ltr'><strong><em>μὲν</em></strong></span> <span class='ocrx_word' id='word_1_235' title='bbox 1370 4992 1536 5088; x_wconf 69' lang='grc' dir='ltr'><strong><em>πρατῆρα</em></strong></span> 
     </span>
     <span class='ocr_line' id='line_1_35' title="bbox 158 5096 1534 5215; baseline 0.007 -31"><span class='ocrx_word' id='word_1_236' title='bbox 158 5101 325 5207; x_wconf 74' lang='grc' dir='ltr'><strong><em>ἐπιδείξῃ</em></strong></span> <span class='ocrx_word' id='word_1_237' title='bbox 345 5096 367 5186; x_wconf 84' lang='grc' dir='ltr'><strong><em>δ</em></strong></span> <span class='ocrx_word' id='word_1_238' title='bbox 387 5097 509 5185; x_wconf 83' lang='grc' dir='ltr'><strong><em>ἀλλον</em></strong></span> <span class='ocrx_word' id='word_1_239' title='bbox 528 5133 564 5180; x_wconf 95' lang='grc' dir='ltr'><strong><em>τι</em></strong></span> <span class='ocrx_word' id='word_1_240' title='bbox 583 5105 706 5202; x_wconf 51' lang='lat' dir='ltr'><strong><em>sym,</em></strong></span> <span class='ocrx_word' id='word_1_241' title='bbox 733 5101 826 5208; x_wconf 88' lang='grc' dir='ltr'><strong><em>πράς</em></strong></span> <span class='ocrx_word' id='word_1_242' title='bbox 854 5113 1009 5215; x_wconf 84' lang='grc' dir='ltr'><strong><em>ἐκεῖνον</em></strong></span> <span class='ocrx_word' id='word_1_243' title='bbox 1027 5111 1173 5212; x_wconf 84' lang='grc' dir='ltr'><strong><em>γίνεται</em></strong></span> <span class='ocrx_word' id='word_1_244' title='bbox 1192 5106 1245 5210; x_wconf 73' lang='grc' dir='ltr'><strong><em>τῷ</em></strong></span> <span class='ocrx_word' id='word_1_245' title='bbox 1266 5107 1534 5193; x_wconf 84' lang='grc' dir='ltr'><strong><em>ἀπολέσαντιδ</em></strong></span> 
     </span>
    </p>
   </div>
   <div class='ocr_carea' id='block_1_16' title="bbox 0 0 1720 5782">
    <p class='ocr_par' dir='ltr' id='par_1_19' title="bbox 0 0 1720 5782">
     <span class='ocr_line' id='line_1_36' title="bbox 0 0 1720 5782; baseline 0 0"><span class='ocrx_word' id='word_1_246' title='bbox 0 0 1720 5782; x_wconf 95' lang='lat' dir='ltr'><strong><em> </em></strong></span> 
     </span>
    </p>
   </div>
  </div>
 </body>
</html>
