3436 5790
239 424 317 496 064
643 441 954 492 conncnsssrus
975 442 1026 491 sc
1048 441 1127 521 naa.
1149 435 1228 494 nat.

235 631 432 737 γεννήτορι
452 637 620 718 τέκνων,
650 626 800 712 πάντως
818 625 998 726 καθαρὸς
1029 630 1134 712 ἔστω.
1171 634 1232 727 (Si
1251 631 1332 734 quis
1353 628 1450 734 patri
1470 639 1628 703 mortem

236 759 443 838 defendens
463 758 555 835 nihil
574 757 678 858 impii
699 757 847 832 facienti
872 756 1007 833 occidit
1035 760 1216 858 aliquem,
1248 757 1309 833 vel
1328 756 1436 832 matri
1457 753 1518 829 vel
1537 752 1627 829 libe-

234 887 284 961 ris
304 887 364 962 vel
384 885 560 962 fratribus
579 882 639 957 vel
669 882 922 958 communium
950 881 1151 960 liberorum
1179 884 1347 985 parenti,
1375 905 1529 982 prorsus
1548 887 1627 953 esto

236 1013 386 1111 purus.)

816 1108 893 1191 Ad
912 1109 1047 1193 1138.

341 1277 557 1355 Secundum
585 1278 752 1354 Platonis
772 1277 894 1376 Leges
924 1279 1035 1372 (868,
1056 1277 1195 1370 B-c)
1223 1280 1255 1353 si
1283 1302 1413 1353 servus
1430 1276 1487 1351 ira
1506 1274 1623 1351 domi·

234 1431 323 1480 num
342 1431 450 1482 suum
470 1403 626 1496 occidit,
657 1405 790 1482 mortui
811 1406 982 1504 cognatis
1000 1417 1202 1506 utcumque
1222 1404 1372 1481 libuerit
1389 1403 1428 1477 in
1448 1427 1534 1477 eum
1553 1411 1626 1477 sta·

232 1543 357 1612 tuere.
385 1530 481 1646 dum
501 1557 549 1606 ne
578 1529 654 1606 ullo
680 1528 793 1605 modo
822 1530 952 1606 vivum
981 1532 1187 1623 retineant,
1218 1530 1298 1606 sine
1328 1529 1476 1629 piaculo
1507 1525 1626 1602 liceat.

233 1656 272 1731 Si
293 1682 383 1732 vero
411 1654 512 1731 alius
533 1655 615 1755 quis
642 1680 774 1731 servus
792 1654 949 1733 liberum
969 1656 1104 1733 occidit
1121 1657 1199 1746 ira,
1231 1655 1372 1731 domini
1391 1678 1544 1730 servum
1564 1677 1625 1727 co-

234 1781 359 1880 gnatis
376 1780 509 1856 mortui
529 1778 726 1874 traducto,
757 1780 906 1879 cognati
930 1793 1053 1858 autem
1073 1806 1252 1881 eumquo
1270 1778 1422 1858 libuerit
1440 1776 1626 1879 supplicio

233 1906 436 2006 plectunto.

342 2030 453 2124 (872,
473 2030 537 2121 Β.)
564 2027 605 2105 Si
632 2038 760 2106 autem
786 2053 918 2107 servus
937 2029 1098 2106 liberum
1116 2030 1246 2106 volens
1267 2028 1326 2105 vel
1344 2055 1412 2106 sua
1429 2053 1545 2105 manu
1566 2027 1624 2103 vel

233 2155 389 2232 consilio
408 2154 546 2231 occidit
564 2168 601 2230 et
619 2153 658 2229 in
680 2153 824 2255 judicio
853 2154 1124 2232 condemnatus
1143 2166 1220 2250 est,
1249 2179 1333 2232 eum
1352 2155 1525 2257 publicus
1545 2178 1623 2229 car-

232 2280 336 2361 nifex
355 2280 403 2356 ad
421 2279 557 2354 mortui
585 2277 826 2379 sepulchrum
854 2280 892 2355 in
918 2280 1052 2356 tumuli
1081 2290 1326 2382 conspectum
1353 2279 1546 2356 adducens
1570 2278 1624 2353 tot

232 2406 451 2482 verberibus
469 2430 639 2497 caesum,
670 2415 760 2505 quot
777 2407 830 2498 is,
860 2405 923 2506 qui
942 2405 1226 2490 condemnavit,
1257 2404 1564 2508 praescripserit,
1593 2402 1623 2477 si

233 2533 392 2611 verbera
409 2558 487 2608 non
505 2532 708 2608 conficiunt
725 2532 1016 2620 interfectorem,
1036 2542 1156 2615 morte
1174 2533 1327 2609 efficito.

812 2740 887 2825 Ati
909 2743 1043 2826 11³4.

338 2909 495 2985 Taetaes
526 2907 574 2982 ad
602 2906 770 3008 Lycoph.
799 2934 834 2979 v.
868 2905 991 2980 1039:
1029 2900 1149 3001 νόμος
1185 2895 1233 2994 ἦν
1258 2900 1330 2978 τὸν
1357 2899 1621 3007 ἐργασάμενον

231 3029 360 3126 φόνον
378 3030 539 3131 φεύγειν
558 3023 654 3102 ὅλον
672 3024 874 3117 ἐνιαυτὸν,
900 3025 954 3125 μὴ
985 3026 1167 3128 ψαύοντα
1196 3027 1262 3120 τῆς
1288 3025 1480 3127 πατρίδος.
1520 3030 1621 3125 (Lex
1702 3121 1707 3137 .

231 3168 310 3236 erat
336 3167 378 3233 ut
404 3155 529 3233 caedis
556 3165 686 3231 auctor
714 3154 862 3255 integro
892 3156 1060 3234 exularet
1088 3183 1210 3249 anno,
1247 3181 1344 3232 neve
1371 3167 1621 3232 contrectaret
1707 3140 1708 3145 ¹

231 3282 424 3384 patriam.)

208 3420 217 3424 “’
336 3406 479 3484 Eadem
497 3406 612 3483 habet
631 3406 830 3483 scholiasta
847 3406 885 3482 in
904 3406 1069 3509 Euripid.
1090 3407 1285 3510 Hippolyt.
1306 3407 1369 3484 35.

336 3532 463 3610 Lexio.
485 3529 640 3632 Seguer.
659 3559 696 3633 p.
717 3532 815 3607 421:
840 3524 1183 3627 ’Λπονιαυτιομὸς,
1212 3528 1316 3634 φυγὴ
1347 3533 1409 3606 ἐπὶ
1437 3528 1620 3607 ἐνιαυτὸν

229 3652 293 3731 διὰ
313 3652 440 3750 φόνον
459 3650 663 3730 ἀκούσιον.
685 3648 1025 3755 (barsumam
1046 3669 1102 3734 est
1121 3658 1273 3735 exilium
1291 3659 1402 3736 unius
1421 3659 1513 3736 anni
1530 3686 1617 3760 pro·

228 3798 311 3887 pter
329 3782 484 3860 caedem
502 3807 579 3857 non
597 3781 808 3857 voluntarie
825 3782 998 3875 factam.)

334 3910 405 3984 Jus
424 3893 809 3984 Graeco-Romanum.
833 3909 926 3985 Pars
944 3910 993 3985 ΙΙ.
1023 3907 1206 4010 Synopsis
1226 3909 1358 3987 minor.
1388 3910 1457 3987 nd.
1475 3909 1617 3987 Zacha-

228 4035 304 4110 riae
336 4060 358 4109 a
385 4030 614 4132 Lingenthal
642 4059 730 4134 pag.
760 4034 836 4108 25:
868 4025 1081 4117 Ἀκούσιος
1109 4028 1231 4125 φόνος
1259 4037 1415 4131 troctas
1441 4038 1617 4131 ἐπιφέρει.

228 4157 394 4252 (Caedes
416 4182 493 4233 non
512 4156 722 4234 voluntaria
740 4158 893 4235 exilium
910 4159 1102 4260 imponit.)

334 4283 480 4358 Festus.
501 4310 534 4358 v.
555 4279 717 4358 Aries:
747 4281 874 4358 Subici
893 4284 989 4359 aries
1009 4281 1161 4377 dicitur,
1180 4285 1244 4385 qui
1265 4311 1333 4386 pro
1351 4287 1476 4364 occiso
1496 4287 1615 4381 datur,

228 4408 328 4508 quod
347 4409 408 4502 lit,
438 4422 479 4483 ut
505 4409 556 4483 ait
575 4406 725 4484 Cincius
754 4407 793 4484 in
821 4408 918 4484 libro
946 4408 992 4485 de
1012 4409 1137 4486 officio
1151 4409 1432 4510 jurisconsulti,
1463 4438 1615 4490 exem·

226 4531 306 4633 plo
326 4532 728 4623 Atheniensium,
754 4532 880 4635 apud
899 4560 1020 4633 quos
1039 4535 1616 4636 expiandigratiaaries

226 4658 443 4755 inigitur
469 4659 527 4734 ab
556 4685 631 4752 eo,
661 4661 741 4758 qui
766 4660 961 4736 invitus
990 4659 1394 4754 scelusadmisit,
1424 4688 1614 4764 poenae

227 4782 667 4882 pendendaeloco

332 4908 434 4983 Idem
463 4936 498 4982 v.
528 4909 795 5008 Subigere:
825 4910 1007 5010 Subigere
1037 4913 1190 4990 arietent
1221 4910 1404 4990 Antistius
1431 4940 1513 4990 esse
1545 4915 1613 5008 ait,

224 5033 311 5108 dare
331 5035 503 5126 arietem,
525 5035 587 5132 qui
608 5061 675 5132 pro
696 5063 734 5109 se
755 5049 909 5133 agatur,
939 5039 1125 5115 caedatur.
