<?xml version="1.0" encoding="UTF-8"?>
<!DOCTYPE html PUBLIC "-//W3C//DTD XHTML 1.0 Transitional//EN"
    "http://www.w3.org/TR/xhtml1/DTD/xhtml1-transitional.dtd">
<html xmlns="http://www.w3.org/1999/xhtml" xml:lang="en" lang="en">
 <head>
  <title>
</title>
<meta http-equiv="Content-Type" content="text/html;charset=utf-8" />
  <meta name='ocr-system' content='tesseract 3.04.00' />
  <meta name='ocr-capabilities' content='ocr_page ocr_carea ocr_par ocr_line ocrx_word'/>
</head>
<body>
  <div class='ocr_page' id='page_1' title='image "./synaggtnattiknn00tlgoog_0411.png"; bbox 0 0 3436 5790; ppageno 0'>
   <div class='ocr_carea' id='block_1_1' title="bbox 752 399 973 452">
    <p class='ocr_par' dir='ltr' id='par_1_1' title="bbox 752 399 973 452">
     <span class='ocr_line' id='line_1_1' title="bbox 752 399 973 452; baseline 0.009 -2"><span class='ocrx_word' id='word_1_1' title='bbox 752 399 803 450; x_wconf 76' lang='lat' dir='ltr'>DE</span> <span class='ocrx_word' id='word_1_2' title='bbox 823 400 973 452; x_wconf 77' lang='lat' dir='ltr'><strong>MUTUO.</strong></span> 
     </span>
    </p>
   </div>
   <div class='ocr_carea' id='block_1_2' title="bbox 806 591 920 667">
    <p class='ocr_par' dir='ltr' id='par_1_2' title="bbox 806 591 920 667">
     <span class='ocr_line' id='line_1_2' title="bbox 806 591 920 667; baseline 0.009 -1"><span class='ocrx_word' id='word_1_3' title='bbox 806 591 920 667; x_wconf 90' lang='grc'><strong>1505.</strong></span> 
     </span>
    </p>
   </div>
   <div class='ocr_carea' id='block_1_3' title="bbox 271 731 1445 960">
    <p class='ocr_par' dir='ltr' id='par_1_3' title="bbox 271 731 1445 960">
     <span class='ocr_line' id='line_1_3' title="bbox 271 731 936 835; baseline -0.002 -23"><span class='ocrx_word' id='word_1_4' title='bbox 271 733 339 827; x_wconf 71' lang='grc' dir='ltr'>Μὴ</span> <span class='ocrx_word' id='word_1_5' title='bbox 360 735 576 835; x_wconf 77' lang='grc' dir='ltr'><em>λαμβάνειν</em></span> <span class='ocrx_word' id='word_1_6' title='bbox 596 732 765 821; x_wconf 78' lang='grc' dir='ltr'><strong><em>πολλοὺς</em></strong></span> <span class='ocrx_word' id='word_1_7' title='bbox 784 731 936 820; x_wconf 80' lang='grc' dir='ltr'><strong><em>τόκους.</em></strong></span> 
     </span>
     <span class='ocr_line' id='line_1_4' title="bbox 614 861 1445 960; baseline -0.008 -19"><span class='ocrx_word' id='word_1_8' title='bbox 614 864 757 960; x_wconf 83' lang='lat' dir='ltr'>(Schol.</span> <span class='ocrx_word' id='word_1_9' title='bbox 778 862 826 936; x_wconf 86' lang='lat' dir='ltr'>in.</span> <span class='ocrx_word' id='word_1_10' title='bbox 846 862 1035 938; x_wconf 80' lang='lat' dir='ltr'>Demosth.</span> <span class='ocrx_word' id='word_1_11' title='bbox 1056 861 1257 937; x_wconf 82' lang='lat' dir='ltr'>Timocrat.</span> <span class='ocrx_word' id='word_1_12' title='bbox 1279 863 1367 957; x_wconf 84' lang='grc'><strong>766,</strong></span> <span class='ocrx_word' id='word_1_13' title='bbox 1390 866 1445 953; x_wconf 87' lang='lat'>5.)</span> 
     </span>
    </p>
   </div>
   <div class='ocr_carea' id='block_1_4' title="bbox 268 1023 1084 1288">
    <p class='ocr_par' dir='ltr' id='par_1_4' title="bbox 268 1023 1084 1288">
     <span class='ocr_line' id='line_1_5' title="bbox 799 1023 914 1099; baseline 0.026 -3"><span class='ocrx_word' id='word_1_14' title='bbox 799 1023 914 1099; x_wconf 82' lang='lat'>1505.</span> 
     </span>
     <span class='ocr_line' id='line_1_6' title="bbox 268 1165 1084 1288; baseline -0.004 -44"><span class='ocrx_word' id='word_1_15' title='bbox 268 1171 469 1249; x_wconf 80' lang='lat' dir='ltr'>Pecuniam</span> <span class='ocrx_word' id='word_1_16' title='bbox 490 1170 634 1267; x_wconf 84' lang='lat' dir='ltr'>ingenti</span> <span class='ocrx_word' id='word_1_17' title='bbox 653 1167 807 1245; x_wconf 86' lang='lat' dir='ltr'>foenore</span> <span class='ocrx_word' id='word_1_18' title='bbox 828 1193 874 1243; x_wconf 92' lang='lat' dir='ltr'>ne</span> <span class='ocrx_word' id='word_1_19' title='bbox 894 1165 1048 1242; x_wconf 81' lang='lat' dir='ltr'>elocato.</span> <span class='ocrx_word' id='word_1_20' title='bbox 1074 1266 1084 1288; x_wconf 87' lang='lat'><strong>.</strong></span> 
     </span>
    </p>
   </div>
   <div class='ocr_carea' id='block_1_5' title="bbox 787 1594 1463 1694">
    <p class='ocr_par' dir='ltr' id='par_1_5' title="bbox 787 1594 1463 1694">
     <span class='ocr_line' id='line_1_7' title="bbox 787 1594 1463 1694; baseline -0.009 -23"><span class='ocrx_word' id='word_1_21' title='bbox 787 1594 976 1690; x_wconf 77' lang='lat' dir='ltr'>(Bekkerz</span> <span class='ocrx_word' id='word_1_22' title='bbox 997 1594 1134 1671; x_wconf 85' lang='lat' dir='ltr'>Aneod.</span> <span class='ocrx_word' id='word_1_23' title='bbox 1153 1621 1209 1693; x_wconf 88' lang='lat' dir='ltr'>gr.</span> <span class='ocrx_word' id='word_1_24' title='bbox 1229 1596 1258 1670; x_wconf 88' lang='lat'>1.</span> <span class='ocrx_word' id='word_1_25' title='bbox 1278 1621 1313 1694; x_wconf 89' lang='lat' dir='ltr'>p.</span> <span class='ocrx_word' id='word_1_26' title='bbox 1335 1594 1443 1684; x_wconf 84' lang='grc'><strong>251.)</strong></span> <span class='ocrx_word' id='word_1_27' title='bbox 1461 1609 1463 1614; x_wconf 69' lang='grc'><strong>“</strong></span> 
     </span>
    </p>
   </div>
   <div class='ocr_carea' id='block_1_6' title="bbox 268 1757 1484 2007">
    <p class='ocr_par' dir='ltr' id='par_1_6' title="bbox 268 1757 1484 2007">
     <span class='ocr_line' id='line_1_8' title="bbox 800 1757 915 1834; baseline 0.026 -3"><span class='ocrx_word' id='word_1_28' title='bbox 800 1757 915 1834; x_wconf 85' lang='grc'><strong>1506.</strong></span> 
     </span>
     <span class='ocr_line' id='line_1_9' title="bbox 268 1901 1484 2007; baseline -0.003 -27"><span class='ocrx_word' id='word_1_29' title='bbox 268 1905 479 1983; x_wconf 84' lang='lat' dir='ltr'>Terrestros</span> <span class='ocrx_word' id='word_1_30' title='bbox 500 1909 679 2007; x_wconf 85' lang='lat' dir='ltr'>pecuniae</span> <span class='ocrx_word' id='word_1_31' title='bbox 699 1913 787 1979; x_wconf 89' lang='lat' dir='ltr'>sunt</span> <span class='ocrx_word' id='word_1_32' title='bbox 806 1928 900 2002; x_wconf 80' lang='lat' dir='ltr'>quoe</span> <span class='ocrx_word' id='word_1_33' title='bbox 921 1901 1090 2003; x_wconf 87' lang='lat' dir='ltr'>pignoris</span> <span class='ocrx_word' id='word_1_34' title='bbox 1110 1928 1223 1978; x_wconf 80' lang='lat' dir='ltr'>neusa</span> <span class='ocrx_word' id='word_1_35' title='bbox 1244 1903 1388 1980; x_wconf 81' lang='lat' dir='ltr'>dantur.</span> <span class='ocrx_word' id='word_1_36' title='bbox 1481 1910 1484 1917; x_wconf 87' lang='lat'>&#39;</span> 
     </span>
    </p>
   </div>
   <div class='ocr_carea' id='block_1_7' title="bbox 162 2082 1548 2716">
    <p class='ocr_par' dir='ltr' id='par_1_7' title="bbox 162 2082 1548 2716">
     <span class='ocr_line' id='line_1_10' title="bbox 800 2082 915 2157; baseline 0.009 -1"><span class='ocrx_word' id='word_1_37' title='bbox 800 2082 915 2157; x_wconf 87' lang='grc'><strong>1507.</strong></span> 
     </span>
     <span class='ocr_line' id='line_1_11' title="bbox 260 2216 1548 2326; baseline -0.005 -25"><span class='ocrx_word' id='word_1_38' title='bbox 260 2218 464 2317; x_wconf 74' lang='grc' dir='ltr'><strong><em>Ὗποθὴκη</em></strong></span> <span class='ocrx_word' id='word_1_39' title='bbox 484 2223 526 2302; x_wconf 79' lang='grc' dir='ltr'>δέ</span> <span class='ocrx_word' id='word_1_40' title='bbox 541 2231 666 2314; x_wconf 78' lang='grc' dir='ltr'><strong><em>ἐστιν,</em></strong></span> <span class='ocrx_word' id='word_1_41' title='bbox 700 2216 797 2299; x_wconf 74' lang='grc' dir='ltr'>ὅταν</span> <span class='ocrx_word' id='word_1_42' title='bbox 817 2221 1037 2314; x_wconf 76' lang='grc' dir='ltr'><em>δανείσηταί</em></span> <span class='ocrx_word' id='word_1_43' title='bbox 1055 2251 1111 2308; x_wconf 84' lang='grc' dir='ltr'>τις</span> <span class='ocrx_word' id='word_1_44' title='bbox 1130 2216 1318 2326; x_wconf 75' lang='grc' dir='ltr'><strong><em>ἀργύριον</em></strong></span> <span class='ocrx_word' id='word_1_45' title='bbox 1345 2226 1405 2297; x_wconf 75' lang='grc' dir='ltr'>ἐπὶ</span> <span class='ocrx_word' id='word_1_46' title='bbox 1436 2222 1548 2320; x_wconf 76' lang='grc' dir='ltr'><strong><em>οἰκίᾳ</em></strong></span> 
     </span>
     <span class='ocr_line' id='line_1_12' title="bbox 162 2343 1120 2451; baseline -0.001 -26"><span class='ocrx_word' id='word_1_47' title='bbox 162 2345 184 2441; x_wconf 74' lang='grc' dir='ltr'><strong><em>ἢ</em></strong></span> <span class='ocrx_word' id='word_1_48' title='bbox 197 2355 332 2451; x_wconf 74' lang='grc' dir='ltr'><em>χωρίῳ</em></span> <span class='ocrx_word' id='word_1_49' title='bbox 354 2348 648 2451; x_wconf 77' lang='grc' dir='ltr'><em>ἢᾶνδραπόδῳ,</em></span> <span class='ocrx_word' id='word_1_50' title='bbox 680 2343 703 2439; x_wconf 70' lang='grc' dir='ltr'><em>ἢ</em></span> <span class='ocrx_word' id='word_1_51' title='bbox 722 2354 790 2423; x_wconf 82' lang='grc' dir='ltr'>καὶ</span> <span class='ocrx_word' id='word_1_52' title='bbox 814 2352 917 2434; x_wconf 77' lang='grc' dir='ltr'><strong><em>θέσις</em></strong></span> <span class='ocrx_word' id='word_1_53' title='bbox 935 2352 1120 2424; x_wconf 77' lang='grc' dir='ltr'><strong>καλεῖται.</strong></span> 
     </span>
     <span class='ocr_line' id='line_1_13' title="bbox 748 2475 1442 2578; baseline 0 -25"><span class='ocrx_word' id='word_1_54' title='bbox 748 2480 750 2484; x_wconf 75' lang='grc'><strong>’</strong></span> <span class='ocrx_word' id='word_1_55' title='bbox 781 2477 972 2571; x_wconf 78' lang='lat' dir='ltr'>(Bekker.</span> <span class='ocrx_word' id='word_1_56' title='bbox 992 2475 1134 2556; x_wconf 75' lang='lat' dir='ltr'>Aneod.</span> <span class='ocrx_word' id='word_1_57' title='bbox 1151 2502 1208 2574; x_wconf 84' lang='lat' dir='ltr'>gr.</span> <span class='ocrx_word' id='word_1_58' title='bbox 1229 2478 1256 2553; x_wconf 94' lang='grc' dir='ltr'>Ι.</span> <span class='ocrx_word' id='word_1_59' title='bbox 1277 2505 1313 2578; x_wconf 90' lang='lat' dir='ltr'>p.</span> <span class='ocrx_word' id='word_1_60' title='bbox 1335 2478 1442 2570; x_wconf 83' lang='lat'><strong>263.)</strong></span> 
     </span>
     <span class='ocr_line' id='line_1_14' title="bbox 802 2639 914 2716; baseline 0.018 -2"><span class='ocrx_word' id='word_1_61' title='bbox 802 2639 914 2716; x_wconf 83' lang='grc'><strong>1507.</strong></span> 
     </span>
    </p>
   </div>
   <div class='ocr_carea' id='block_1_8' title="bbox 161 2782 1546 3010">
    <p class='ocr_par' dir='ltr' id='par_1_8' title="bbox 161 2782 1546 3010">
     <span class='ocr_line' id='line_1_15' title="bbox 266 2782 1546 2886; baseline -0.001 -28"><span class='ocrx_word' id='word_1_62' title='bbox 266 2785 409 2882; x_wconf 76' lang='lat' dir='ltr'>Pignus</span> <span class='ocrx_word' id='word_1_63' title='bbox 428 2796 551 2861; x_wconf 84' lang='lat' dir='ltr'>antem</span> <span class='ocrx_word' id='word_1_64' title='bbox 570 2797 646 2879; x_wconf 79' lang='lat' dir='ltr'>est,</span> <span class='ocrx_word' id='word_1_65' title='bbox 667 2810 781 2886; x_wconf 88' lang='lat' dir='ltr'>quum</span> <span class='ocrx_word' id='word_1_66' title='bbox 800 2784 883 2886; x_wconf 79' lang='lat' dir='ltr'>quis</span> <span class='ocrx_word' id='word_1_67' title='bbox 902 2783 1102 2885; x_wconf 78' lang='lat' dir='ltr'>pecuniam</span> <span class='ocrx_word' id='word_1_68' title='bbox 1119 2793 1250 2859; x_wconf 87' lang='lat' dir='ltr'>mutuo</span> <span class='ocrx_word' id='word_1_69' title='bbox 1269 2783 1407 2883; x_wconf 78' lang='lat' dir='ltr'>eooipit</span> <span class='ocrx_word' id='word_1_70' title='bbox 1424 2783 1463 2857; x_wconf 92' lang='lat' dir='ltr'>in</span> <span class='ocrx_word' id='word_1_71' title='bbox 1482 2782 1546 2859; x_wconf 89' lang='lat' dir='ltr'>do·</span> 
     </span>
     <span class='ocr_line' id='line_1_16' title="bbox 161 2908 1414 3010; baseline -0.001 -26"><span class='ocrx_word' id='word_1_72' title='bbox 161 2936 282 3005; x_wconf 81' lang='lat' dir='ltr'>mum,</span> <span class='ocrx_word' id='word_1_73' title='bbox 304 2910 365 2985; x_wconf 89' lang='lat' dir='ltr'>vel</span> <span class='ocrx_word' id='word_1_74' title='bbox 386 2911 543 2986; x_wconf 89' lang='lat' dir='ltr'>fundum</span> <span class='ocrx_word' id='word_1_75' title='bbox 565 2912 624 2987; x_wconf 89' lang='lat' dir='ltr'>vel</span> <span class='ocrx_word' id='word_1_76' title='bbox 644 2937 812 3006; x_wconf 83' lang='lat' dir='ltr'>servom,</span> <span class='ocrx_word' id='word_1_77' title='bbox 838 2908 936 3010; x_wconf 91' lang='lat' dir='ltr'>quod</span> <span class='ocrx_word' id='word_1_78' title='bbox 957 2909 1071 2984; x_wconf 83' lang='lat' dir='ltr'>etiam</span> <span class='ocrx_word' id='word_1_79' title='bbox 1089 2909 1226 3008; x_wconf 80' lang='lat' dir='ltr'>positio</span> <span class='ocrx_word' id='word_1_80' title='bbox 1247 2921 1414 2984; x_wconf 84' lang='lat' dir='ltr'>vocatur.</span> 
     </span>
    </p>
   </div>
   <div class='ocr_carea' id='block_1_9' title="bbox 162 3087 1548 3461">
    <p class='ocr_par' dir='ltr' id='par_1_9' title="bbox 162 3087 1548 3461">
     <span class='ocr_line' id='line_1_17' title="bbox 799 3087 913 3163; baseline 0.009 -1"><span class='ocrx_word' id='word_1_81' title='bbox 799 3087 913 3163; x_wconf 87' lang='grc'><strong>1508.</strong></span> 
     </span>
     <span class='ocr_line' id='line_1_18' title="bbox 262 3220 1548 3328; baseline -0.003 -22"><span class='ocrx_word' id='word_1_82' title='bbox 262 3225 429 3328; x_wconf 83' lang='grc' dir='ltr'><strong><em>Ὄρος,</em></strong></span> <span class='ocrx_word' id='word_1_83' title='bbox 458 3225 503 3302; x_wconf 75' lang='grc' dir='ltr'>τὰ</span> <span class='ocrx_word' id='word_1_84' title='bbox 535 3225 675 3305; x_wconf 78' lang='grc' dir='ltr'>ἐπόντα</span> <span class='ocrx_word' id='word_1_85' title='bbox 704 3237 785 3316; x_wconf 83' lang='grc' dir='ltr'><strong><em>ταῖς</em></strong></span> <span class='ocrx_word' id='word_1_86' title='bbox 813 3220 1085 3326; x_wconf 72' lang='grc' dir='ltr'><strong><em>ὑποκειμέναις</em></strong></span> <span class='ocrx_word' id='word_1_87' title='bbox 1114 3230 1258 3315; x_wconf 80' lang='grc' dir='ltr'><strong><em>οἰκίαις</em></strong></span> <span class='ocrx_word' id='word_1_88' title='bbox 1286 3233 1357 3304; x_wconf 79' lang='grc' dir='ltr'>καί</span> <span class='ocrx_word' id='word_1_89' title='bbox 1388 3233 1548 3328; x_wconf 75' lang='grc' dir='ltr'><strong><em>χωρίοις</em></strong></span> 
     </span>
     <span class='ocr_line' id='line_1_19' title="bbox 162 3348 1440 3461; baseline -0.009 -30"><span class='ocrx_word' id='word_1_90' title='bbox 162 3355 379 3461; x_wconf 75' lang='grc' dir='ltr'><strong><em>γράμματα,</em></strong></span> <span class='ocrx_word' id='word_1_91' title='bbox 409 3348 435 3428; x_wconf 81' lang='lat' dir='ltr'>rii</span> <span class='ocrx_word' id='word_1_92' title='bbox 455 3353 564 3445; x_wconf 83' lang='grc' dir='ltr'><strong><em>δηλοῖ</em></strong></span> <span class='ocrx_word' id='word_1_93' title='bbox 583 3348 1081 3450; x_wconf 70' lang='grc' dir='ltr'>ὅτιὺπὸκεινταιδανειστῄ.</span> <span class='ocrx_word' id='word_1_94' title='bbox 1138 3358 1440 3459; x_wconf 59' lang='grc' dir='ltr'>(Ηιιῑροςῃοςὶο)</span> 
     </span>
    </p>
   </div>
   <div class='ocr_carea' id='block_1_10' title="bbox 799 3538 912 3614">
    <p class='ocr_par' dir='ltr' id='par_1_10' title="bbox 799 3538 912 3614">
     <span class='ocr_line' id='line_1_20' title="bbox 799 3538 912 3614; baseline 0.018 -2"><span class='ocrx_word' id='word_1_95' title='bbox 799 3538 912 3614; x_wconf 87' lang='grc'><strong>1508.</strong></span> 
     </span>
    </p>
   </div>
   <div class='ocr_carea' id='block_1_11' title="bbox 159 3678 1543 3908">
    <p class='ocr_par' dir='ltr' id='par_1_11' title="bbox 159 3678 1543 3908">
     <span class='ocr_line' id='line_1_21' title="bbox 266 3678 1543 3781; baseline -0.004 -22"><span class='ocrx_word' id='word_1_96' title='bbox 266 3683 465 3759; x_wconf 85' lang='lat' dir='ltr'>Terminus</span> <span class='ocrx_word' id='word_1_97' title='bbox 485 3694 571 3757; x_wconf 87' lang='lat' dir='ltr'>sunt</span> <span class='ocrx_word' id='word_1_98' title='bbox 589 3681 685 3757; x_wconf 84' lang='lat' dir='ltr'>tituli</span> <span class='ocrx_word' id='word_1_99' title='bbox 704 3680 860 3758; x_wconf 84' lang='lat' dir='ltr'>aedibus</span> <span class='ocrx_word' id='word_1_100' title='bbox 879 3692 916 3757; x_wconf 91' lang='lat' dir='ltr'>et</span> <span class='ocrx_word' id='word_1_101' title='bbox 935 3678 1035 3776; x_wconf 77' lang='lat' dir='ltr'>agris</span> <span class='ocrx_word' id='word_1_102' title='bbox 1063 3679 1321 3781; x_wconf 81' lang='lat' dir='ltr'>oppigneratis</span> <span class='ocrx_word' id='word_1_103' title='bbox 1341 3679 1464 3774; x_wconf 80' lang='lat' dir='ltr'>affixi,</span> <span class='ocrx_word' id='word_1_104' title='bbox 1496 3680 1543 3755; x_wconf 88' lang='lat' dir='ltr'>si·</span> 
     </span>
     <span class='ocr_line' id='line_1_22' title="bbox 159 3806 1004 3908; baseline -0.005 -24"><span class='ocrx_word' id='word_1_105' title='bbox 159 3811 380 3908; x_wconf 85' lang='lat' dir='ltr'>gnifioantes</span> <span class='ocrx_word' id='word_1_106' title='bbox 401 3835 445 3884; x_wconf 82' lang='lat' dir='ltr'>ea</span> <span class='ocrx_word' id='word_1_107' title='bbox 463 3807 707 3884; x_wconf 83' lang='lat' dir='ltr'>creditoribus</span> <span class='ocrx_word' id='word_1_108' title='bbox 727 3806 893 3904; x_wconf 74' lang='lat' dir='ltr'>obligato</span> <span class='ocrx_word' id='word_1_109' title='bbox 912 3831 1004 3882; x_wconf 83' lang='lat' dir='ltr'>esse.</span> 
     </span>
    </p>
   </div>
   <div class='ocr_carea' id='block_1_12' title="bbox 167 3983 1439 4474">
    <p class='ocr_par' dir='ltr' id='par_1_12' title="bbox 167 3983 1439 4474">
     <span class='ocr_line' id='line_1_23' title="bbox 801 3983 913 4060; baseline 0.009 -1"><span class='ocrx_word' id='word_1_110' title='bbox 801 3983 913 4060; x_wconf 91' lang='grc'><strong>1509.</strong></span> 
     </span>
     <span class='ocr_line' id='line_1_24' title="bbox 267 4120 1231 4226; baseline 0.005 -28"><span class='ocrx_word' id='word_1_111' title='bbox 267 4123 336 4226; x_wconf 71' lang='grc' dir='ltr'>Μὴ</span> <span class='ocrx_word' id='word_1_112' title='bbox 356 4124 672 4201; x_wconf 76' lang='grc' dir='ltr'><strong><em>ἑπιδανείσασθαι</em></strong></span> <span class='ocrx_word' id='word_1_113' title='bbox 692 4129 753 4200; x_wconf 79' lang='grc' dir='ltr'>ἐπὶ</span> <span class='ocrx_word' id='word_1_114' title='bbox 773 4133 853 4212; x_wconf 86' lang='grc' dir='ltr'><strong><em>τοῖς</em></strong></span> <span class='ocrx_word' id='word_1_115' title='bbox 872 4120 1005 4212; x_wconf 83' lang='grc' dir='ltr'><strong><em>αὐτοῖς</em></strong></span> <span class='ocrx_word' id='word_1_116' title='bbox 1023 4123 1231 4226; x_wconf 74' lang='grc' dir='ltr'><strong><em>ἐνεχύροις.</em></strong></span> 
     </span>
     <span class='ocr_line' id='line_1_25' title="bbox 267 4254 1435 4354; baseline -0.001 -23"><span class='ocrx_word' id='word_1_117' title='bbox 267 4255 425 4348; x_wconf 77' lang='lat' dir='ltr'>(Lexica</span> <span class='ocrx_word' id='word_1_118' title='bbox 444 4254 596 4352; x_wconf 88' lang='lat' dir='ltr'>Seguer.</span> <span class='ocrx_word' id='word_1_119' title='bbox 617 4281 652 4354; x_wconf 91' lang='lat' dir='ltr'>p.</span> <span class='ocrx_word' id='word_1_120' title='bbox 674 4255 762 4329; x_wconf 90' lang='grc'><strong>259.</strong></span> <span class='ocrx_word' id='word_1_121' title='bbox 782 4254 975 4330; x_wconf 85' lang='lat' dir='ltr'>Demosth.</span> <span class='ocrx_word' id='word_1_122' title='bbox 997 4255 1079 4330; x_wconf 87' lang='lat' dir='ltr'><strong>adv.</strong></span> <span class='ocrx_word' id='word_1_123' title='bbox 1100 4255 1314 4331; x_wconf 86' lang='lat' dir='ltr'>Phormion.</span> <span class='ocrx_word' id='word_1_124' title='bbox 1347 4257 1435 4330; x_wconf 87' lang='grc'><strong>908.</strong></span> 
     </span>
     <span class='ocr_line' id='line_1_26' title="bbox 167 4380 1439 4474; baseline 0.001 -19"><span class='ocrx_word' id='word_1_125' title='bbox 167 4409 169 4413; x_wconf 95' lang='grc'><strong><em>·</em></strong></span> <span class='ocrx_word' id='word_1_126' title='bbox 941 4380 1046 4457; x_wconf 90' lang='lat' dir='ltr'>Idem</span> <span class='ocrx_word' id='word_1_127' title='bbox 1066 4381 1150 4456; x_wconf 76' lang='lat' dir='ltr'>miv,</span> <span class='ocrx_word' id='word_1_128' title='bbox 1171 4381 1305 4457; x_wconf 83' lang='lat' dir='ltr'>Lnorit.</span> <span class='ocrx_word' id='word_1_129' title='bbox 1327 4382 1439 4474; x_wconf 85' lang='lat'>930.)</span> 
     </span>
    </p>
   </div>
   <div class='ocr_carea' id='block_1_13' title="bbox 265 4539 1542 4786">
    <p class='ocr_par' dir='ltr' id='par_1_13' title="bbox 265 4539 1542 4786">
     <span class='ocr_line' id='line_1_27' title="bbox 791 4539 905 4616; baseline 0.026 -3"><span class='ocrx_word' id='word_1_130' title='bbox 791 4539 905 4616; x_wconf 90' lang='grc'><strong>1509.</strong></span> 
     </span>
     <span class='ocr_line' id='line_1_28' title="bbox 265 4682 1542 4786; baseline 0.002 -23"><span class='ocrx_word' id='word_1_131' title='bbox 265 4685 321 4763; x_wconf 89' lang='lat' dir='ltr'>Ne</span> <span class='ocrx_word' id='word_1_132' title='bbox 352 4685 461 4762; x_wconf 85' lang='lat' dir='ltr'>lioeat</span> <span class='ocrx_word' id='word_1_133' title='bbox 489 4696 657 4761; x_wconf 87' lang='lat' dir='ltr'>mutuum</span> <span class='ocrx_word' id='word_1_134' title='bbox 686 4682 855 4785; x_wconf 82' lang='lat' dir='ltr'>accipere</span> <span class='ocrx_word' id='word_1_135' title='bbox 875 4683 913 4759; x_wconf 91' lang='lat' dir='ltr'>in</span> <span class='ocrx_word' id='word_1_136' title='bbox 933 4685 1033 4761; x_wconf 84' lang='lat' dir='ltr'>bona</span> <span class='ocrx_word' id='word_1_137' title='bbox 1046 4685 1125 4786; x_wconf 82' lang='lat' dir='ltr'>jam</span> <span class='ocrx_word' id='word_1_138' title='bbox 1145 4684 1395 4785; x_wconf 83' lang='lat' dir='ltr'>oppignorata</span> <span class='ocrx_word' id='word_1_139' title='bbox 1425 4687 1542 4765; x_wconf 83' lang='lat' dir='ltr'>alteri.</span> 
     </span>
    </p>
   </div>
   <div class='ocr_carea' id='block_1_14' title="bbox 266 4862 1323 5109">
    <p class='ocr_par' dir='ltr' id='par_1_14' title="bbox 266 4862 1323 5109">
     <span class='ocr_line' id='line_1_29' title="bbox 793 4862 906 4940; baseline 0.009 -1"><span class='ocrx_word' id='word_1_140' title='bbox 793 4862 906 4940; x_wconf 90' lang='grc'><strong>1510.</strong></span> 
     </span>
     <span class='ocr_line' id='line_1_30' title="bbox 266 4998 1323 5109; baseline 0.007 -32"><span class='ocrx_word' id='word_1_141' title='bbox 266 5002 474 5103; x_wconf 79' lang='grc' dir='ltr'><strong><em>Μάρτορας</em></strong></span> <span class='ocrx_word' id='word_1_142' title='bbox 494 5013 667 5102; x_wconf 74' lang='grc' dir='ltr'><strong><em>παρεῖναι</em></strong></span> <span class='ocrx_word' id='word_1_143' title='bbox 687 4998 750 5079; x_wconf 83' lang='grc' dir='ltr'>ὅτε</span> <span class='ocrx_word' id='word_1_144' title='bbox 770 5001 935 5094; x_wconf 72' lang='grc' dir='ltr'>δανείζει</span> <span class='ocrx_word' id='word_1_145' title='bbox 953 5006 1010 5090; x_wconf 84' lang='grc' dir='ltr'>τίς</span> <span class='ocrx_word' id='word_1_146' title='bbox 1029 5030 1103 5080; x_wconf 76' lang='grc' dir='ltr'><strong><em>τινι</em></strong></span> <span class='ocrx_word' id='word_1_147' title='bbox 1125 4998 1323 5109; x_wconf 75' lang='grc' dir='ltr'><strong><em>ἀργύριον.</em></strong></span> 
     </span>
    </p>
   </div>
   <div class='ocr_carea' id='block_1_15' title="bbox 836 5132 1437 5321">
    <p class='ocr_par' dir='ltr' id='par_1_15' title="bbox 836 5132 1437 5321">
     <span class='ocr_line' id='line_1_31' title="bbox 836 5132 1437 5227; baseline -0.005 -17"><span class='ocrx_word' id='word_1_148' title='bbox 836 5135 1047 5227; x_wconf 81' lang='lat' dir='ltr'>(Demosth.</span> <span class='ocrx_word' id='word_1_149' title='bbox 1068 5136 1150 5213; x_wconf 86' lang='lat' dir='ltr'><strong>adv.</strong></span> <span class='ocrx_word' id='word_1_150' title='bbox 1170 5136 1305 5212; x_wconf 82' lang='lat' dir='ltr'>Loorit.</span> <span class='ocrx_word' id='word_1_151' title='bbox 1327 5132 1437 5227; x_wconf 87' lang='grc'><strong>927.)</strong></span> 
     </span>
     <span class='ocr_line' id='line_1_32' title="bbox 1265 5257 1330 5321; baseline -0.046 0"><span class='ocrx_word' id='word_1_152' title='bbox 1265 5257 1330 5321; x_wconf 66' lang='lat'>25*</span> 
     </span>
    </p>
   </div>
   <div class='ocr_carea' id='block_1_16' title="bbox 0 0 1722 5790">
    <p class='ocr_par' dir='ltr' id='par_1_16' title="bbox 0 0 1722 5790">
     <span class='ocr_line' id='line_1_33' title="bbox 0 0 1722 5790; baseline 0 0"><span class='ocrx_word' id='word_1_153' title='bbox 0 0 1722 5790; x_wconf 95' lang='lat' dir='ltr'> </span> 
     </span>
    </p>
   </div>
  </div>
 </body>
</html>
