3436 5790
576 407 883 463 conmonuemus
901 405 955 459 sn
970 406 1020 460 as.
1039 407 1084 459 ar.
1104 405 1149 458 aa
1463 380 1540 457 427

161 596 318 706 γμάτων
346 600 547 692 διοικηταί.
595 603 799 703 (Prytanes
835 611 922 677 sunt
958 601 1123 678 omnium
1156 624 1279 677 rerum
1306 597 1540 675 administra·

160 734 409 941 tmiletum
431 880 526 958 quae
545 853 679 933 Suidas
699 851 827 935 dicum
845 852 956 930 etiam
976 851 1115 932 Lexica
1134 848 1365 949 Segueriana
1392 876 1428 954 p.
1453 848 1540 927 296.

758 1065 834 1150 Ad
861 1067 943 1152 88.

267 1235 307 1314 Si
326 1261 551 1314 summamus
579 1260 720 1313 annum
743 1234 821 1309 354
840 1232 918 1310 dies
936 1257 1171 1327 numerasse,
1201 1231 1368 1331 sequitur
1385 1237 1542 1330 quatuor

160 1364 416 1466 prytaniarum
443 1362 631 1461 singulam
658 1361 721 1458 36,
749 1370 788 1438 et
810 1386 876 1441 sex
896 1360 1151 1464 prytaniarum
1168 1354 1373 1460 quamlibet
1391 1354 1442 1431 35
1462 1355 1542 1432 dies

160 1488 346 1569 habuisse.
382 1489 469 1567 Non
498 1499 555 1565 est
581 1488 693 1586 igitur
720 1509 873 1564 necesse
904 1509 988 1562 cum
1010 1494 1159 1561 auctore
1178 1482 1389 1582 argumenti
1407 1480 1446 1557 in
1465 1482 1541 1557 De·

160 1612 362 1690 mosthenis
380 1609 652 1691 Androsianam
681 1613 800 1708 (590)
827 1612 875 1690 ad
904 1620 1062 1713 quatuor
1090 1599 1228 1708 ἡμέρας
1259 1600 1453 1705 druogone
1481 1606 1543 1693 vel

162 1730 403 1838 ἀρχαιρεσίας
430 1764 639 1836 recurrere,
669 1739 823 1841 quibus,
852 1749 894 1816 nt
910 1738 973 1815 ille
993 1736 1098 1832 dicit,
1130 1737 1388 1838 interregnum
1406 1742 1488 1812 erat
1505 1731 1543 1808 in

161 1861 285 1945 Attica
303 1877 342 1943 at
359 1865 597 1965 magistratus
617 1864 920 1963 designabantur.

267 1988 391 2067 Schol.
411 1989 469 2067 ad.
490 1987 663 2069 Aeschin.
684 1990 870 2067 Timareh.
893 1989 990 2065 104:
1013 1980 1169 2074 Ἐπειδὴ
1199 1981 1293 2061 δέκα
1322 1977 1420 2075 ἦσαν
1445 2011 1542 2083 πρυ-

164 2122 332 2203 torsias,
363 2109 520 2204 ἑκάστης
540 2110 578 2190 δὲ
598 2109 748 2191 τούτων
766 2107 1008 2202 πεντήκοντα
1037 2112 1267 2210 βουλευταὶ,
1297 2102 1432 2210 ἄνδρες
1452 2138 1544 2185 πεν-

162 2236 337 2318 τακόσιοι
357 2236 684 2340 mensurationem,
713 2247 871 2327 ἕκαστος
895 2235 1003 2338 μῆνα
1030 2241 1099 2313 καὶ
1130 2229 1266 2337 ἡμέρας
1293 2241 1355 2328 ἕξ,
1386 2229 1481 2311 o'r'ova
1499 2232 1544 2312 τὸ

163 2367 245 2454 ἔτος
273 2373 467 2468 περιέλθοι
485 2363 551 2454 τὰς
571 2365 663 2443 δέκα
692 2367 831 2463 φυλάς.
871 2359 923 2442 ‘0
951 2362 996 2457 dri
1021 2361 1187 2465 χρόνος,
1216 2357 1265 2441 ὃν
1292 2358 1404 2464 ἄρχει
1431 2355 1545 2462 ipsios

163 2488 288 2590 φυλὴ,
326 2495 536 2594 πρυτανεία
571 2498 755 2570 καλεῖται.
801 2496 879 2567 Καὶ
903 2489 1088 2592 μετροῦσι
1116 2485 1345 2591 κοινότερον
1372 2482 1421 2565 οὗ
1451 2485 1545 2588 πρὸς

159 2617 303 2719 μῆνας,
333 2615 431 2694 ἀλλὰ
460 2615 551 2719 πρὸς
579 2619 806 2720 πρυτανείας
833 2613 924 2705 τούς
951 2647 991 2694 τε
1014 2613 1187 2716 μισθούς
1214 2618 1283 2692 noi
1312 2611 1453 2704 τόκους
1472 2619 1542 2690 καὶ

163 2749 324 2825 ἐποίκια.
363 2749 585 2849 (Postquam
613 2748 744 2826 decem
773 2748 920 2825 fuerant
948 2747 1163 2850 prytaniae‚
1192 2755 1230 2822 et
1257 2744 1456 2849 cujuslibet
1479 2746 1543 2821 ha·

162 2899 244 2950 rum
263 2874 534 2975 qninquaginta
551 2884 761 2969 senatores,
788 2873 874 2951 ideo
902 2872 1097 2974 quingenti
1125 2881 1212 2948 sunt
1240 2882 1440 2977 prytanea,
1470 2871 1544 2948 sin-

163 3000 271 3099 gulus
290 3025 364 3076 uno
382 3024 510 3076 mense
530 3009 568 3077 et
585 3024 651 3076 sex
671 2999 822 3094 diebus,
841 3000 894 3075 ita
911 3011 953 3075 ut
971 3024 1090 3076 annus
1110 2998 1312 3076 circumeat
1330 2996 1459 3074 decem
1478 2998 1543 3073 tri·

163 3125 243 3200 bus.
281 3125 448 3226 Tempus
467 3136 610 3220 autem,
638 3151 712 3226 quo
741 3151 817 3201 una
841 3125 958 3201 tribus
978 3125 1156 3225 imperat,
1186 3123 1361 3226 prytanis
1380 3133 1545 3201 vocatur.

164 3249 365 3328 Metiuntur
384 3276 472 3327 vero
492 3251 723 3328 communius
740 3274 818 3327 non
837 3247 1042 3325 secundum
1059 3271 1227 3342 menses,
1256 3246 1321 3324 sed
1340 3247 1547 3325 secundum

163 3376 355 3478 prytanias
375 3387 412 3452 et
429 3377 620 3454 mercedes
640 3385 677 3453 et
695 3400 824 3452 usuras
843 3385 881 3449 et
899 3373 1019 3474 pretia
1037 3372 1244 3448 conductae
1263 3372 1426 3465 domus.)

269 3501 375 3580 Idem
394 3502 522 3578 scribit
540 3501 738 3578 scholiasta
756 3499 804 3576 ad
824 3497 990 3574 Platonis
1002 3497 1135 3597 Leges.
1154 3524 1191 3599 p.
1202 3498 1291 3574 469.
1313 3497 1369 3576 ed.
1382 3498 1542 3576 Bekker.

762 3726 838 3809 Ar
865 3728 947 3809 87.

271 3895 405 3973 Pollux
425 3895 529 3993 VIII,
550 3897 621 3973 96:
650 3893 867 3972 Praefectus
896 3887 1130 3988 (ἐπιστάτης)
1158 3918 1253 3970 unus
1277 3903 1546 3995 prytaneorum

167 4032 240 4115 est,
268 4022 538 4099 sorte'electus.
576 4020 747 4098 Eundem
774 4044 863 4097 vero
891 4019 950 4096 bis
969 4019 1334 4122 praefecurm'creari
1353 4044 1429 4096 non
1447 4019 1543 4100 licet.

166 4147 291 4225 Habet
326 4157 451 4224 autem
487 4147 548 4226 hic
576 4145 774 4225 sacrorum
793 4145 939 4242 clares,
968 4145 1032 4220 ubi
1061 4144 1243 4246 pecuniae
1271 4144 1364 4222 sitae
1393 4157 1546 4226 suntet

164 4273 325 4351 tabulae.

763 4374 838 4459 Ad
865 4375 946 4457 88.

271 4541 383 4617 Haud
402 4567 486 4618 raro
503 4541 735 4642 grammatici
754 4541 948 4619 ecclesiam
967 4565 1051 4618 cum
1063 4539 1207 4643 judicio
1226 4551 1459 4644 permutant,
1490 4556 1544 4622 at·

166 4691 237 4766 que
256 4668 437 4769 populum
455 4669 494 4746 in
513 4669 670 4747 comitiis
698 4678 968 4767 congregatum
996 4696 1065 4771 pro
1088 4667 1259 4772 judicum
1283 4694 1459 4748 consessu
1478 4672 1542 4749 ha·

167 4794 267 4870 bent
304 4796 433 4894 Itaque
452 4797 492 4870 in
510 4796 581 4872 hoc
599 4793 736 4872 Suidae
754 4795 837 4871 loco
859 4787 949 4882 δίκη
976 4794 1112 4871 dicitur
1138 4822 1207 4896 pro
1235 4797 1368 4897 quovis
1392 4798 1545 4897 negotio

167 4918 267 5018 qnod
285 4918 331 4994 ad
350 4922 531 5021 populum
549 4921 665 4997 fertur
692 4930 730 4996 et
758 4914 938 4993 δικασταί
966 4947 1042 4998 non
1070 4920 1133 4997 alii
1160 4932 1247 4997 sunt
1270 4949 1382 5022 quam
1400 4923 1543 5009 ἐκκλη·

167 5032 342 5121 στασταί.
367 5044 685 5138 (ὃοὴὸωπτιηε
715 5045 761 5123 de
780 5046 937 5124 comitiis
957 5042 1090 5122 Athen.
1111 5073 1146 5147 p.
1165 5047 1249 5141 86.)

272 5171 404 5250 Pollux
422 5196 568 5276 quoque
587 5171 710 5269 (vul,
729 5171 803 5266 96)
828 5171 938 5272 dicit,
966 5199 1051 5250 cunr
1076 5183 1253 5279 prytanea
1278 5182 1449 5253 senatum
1475 5183 1547 5253 aut
