3404 5782
696 410 759 463 ms
776 404 985 465 mittimi-

798 602 887 678 884.

256 747 331 843 Qui
351 759 426 825 tres
444 746 559 824 vades
577 747 814 850 praestiterit,
834 747 1022 823 custodiae
1043 771 1090 823 ne
1111 747 1317 825 mandetur.
1345 748 1422 852 Ipsi
1441 774 1538 851 quo-

147 896 221 975 que
240 875 498 952 maleficorum
525 874 757 975 inspectores
776 872 847 948 hoc
866 898 969 949 more
988 882 1151 950 utantur.

797 1032 887 1109 835.

157 1250 166 1271 .,
246 1167 428 1255 “Anam
449 1205 495 1250 τοι
485 1168 779 1273 ’δικαστήρια
760 1204 803 1255 εν
831 1164 1017 1320 ὑπαίθρῳ
1046 1168 1266 1267 δικάζει
1222 1204 1289 1262 τας
1318 1172 1431 1261 δίκας
1461 1172 1536 1248 τοῦ

148 1299 300 1402 (μόνον,
328 1305 396 1379 ίνα
425 1300 542 1417 τοῦτο
566 1302 663 1399 μὲν,
693 1300 730 1375 οἱ
760 1295 1014 1375 δικασται“
962 1331 1017 1397 μη
1048 1299 1157 1377 ίωοιν
1184 1304 1238 1391 είς
1264 1296 1310 1375 τό
1335 1293 1434 1377 αὐτό
1454 1308 1536 1387 τοῖς

144 1460 199 1527 μη
189 1425 411 1526 καθαροῖς
430 1425 497 1514 τοὶς
513 1427 666 1525 χεῖρας,
695 1423 812 1503 τοῦτο
832 1423 894 1515 δὲ,
925 1455 948 1500 ο
934 1415 1185 1502 ⁸⁸‹itaimou
1141 1456 1213 1519 την
1234 1424 1349 1518 δίκην
1365 1423 1436 1501 τοῦ
1456 1420 1536 1521 φό-

149 1581 242 1641 νου,
272 1556 337 1629 ἰνα
353 1549 406 1651 μὴ
429 1543 645 1650 ὁμωρόφιος
664 1552 824 1654 γίνηται
837 1578 892 1649 τῳ
879 1545 1095 1647 αὐθέντῃ.

664 1677 878 1779 (Antiphon
898 1677 944 1752 de
964 1677 1078 1753 caede
1096 1678 1268 1761 Herodis.
1289 1675 1425 1787 §.10

798 1840 887 1917 835.

254 1983 390 2061 Omnia
416 1983 538 2060 caedis
561 1981 702 2085 judicia
729 1981 918 2059 habentur
944 1981 1015 2057 sub
1045 1981 1132 2077 dio,
1171 1993 1212 2057 ut
1239 2007 1359 2083 neque
1383 1981 1535 2082 judiees

150 2109 281 2186 eodem
300 2110 380 2185 loco
401 2134 486 2184 curn
505 2109 549 2184 iis
568 2108 814 2201 conveniant,
843 2108 977 2209 quibus
1007 2108 1171 2206 pollutae
1196 2108 1271 2183 sint
1288 2133 1442 2202 manus,
1472 2133 1534 2183 ne·

149 2261 220 2337 que
240 2244 431 2312 accusator
450 2259 532 2309 ouum
551 2231 739 2310 homicida
760 2228 893 2307 eodem
912 2241 1009 2307 teoto
1030 2233 1273 2309 contineatur.

795 2394 884 2469 836.

258 2538 304 2610 Οἱ
328 2530 637 2639 Ἀρεοπαγῖται’
619 2564 661 2609 εν
681 2538 796 2609 νυκτί
815 2539 886 2611 καί
906 2531 1035 2632 σκότῳ
1054 2530 1301 2624 δικάζουσιν,
1332 2524 1383 2620 οῖς
1402 2529 1458 2630 μὴ
1480 2538 1534 2621 είς

149 2659 238 2794 τοός
257 2667 459 2769 λέγοντας,
481 2657 573 2789 ἀλλ’
593 2664 646 2748 είς
665 2689 711 2734 τοι
700 2657 923 2763 λεγόμενα
942 2656 1206 2759 ἀποβλέποιεν.

865 2786 1038 2883 (Lucian.
1058 2784 1319 2889 Hermotimus.
1340 2786 1425 2880 64.)

795 2949 885 3025 836.

257 3036 508 3174 Areopagitae
528 3082 638 3150 noctu
658 3083 696 3146 et
713 3073 753 3147 in
772 3068 938 3150 tenebris
950 3070 1141 3172 judicant,
1172 3100 1217 3150 ne
1242 3073 1289 3149 ad
1309 3073 1377 3151 hos
1396 3077 1463 3176 qui
1482 3078 1534 3153 di·

151 3211 258 3303 cunt,
279 3197 343 3274 sed
362 3197 409 3276 ad
429 3224 473 3275 ea
492 3223 586 3297 quae
605 3198 780 3275 dicuntur
798 3199 1009 3300 respiciant.

796 3358 885 3434 837.

252 3495 324 3575 Ἐν
337 3494 478 3638 Ἀρείῳ
497 3496 624 3603 πόγῳ,
643 3487 694 3575 οὗ
713 3495 871 3577 δίδωσιν
889 3490 911 3575 ό
934 3495 1050 3597 νόμος
1068 3505 1136 3575 καί
1153 3496 1303 3576 κελεύει
1321 3497 1453 3596 φόνου
1472 3500 1532 3579 δι-

151 3622 361 3718 κάζεσθαι,
391 3622 542 3723 πρῶτον
564 3627 638 3723 μὲν
661 3622 848 3722 διομεῖται
867 3632 990 3700 κατἐ
983 3629 1147 3716 ’ξωλείας
1166 3617 1292 3703 αυτοῦ
1308 3630 1378 3700 καί
1398 3632 1531 3731 γένους

151 3780 220 3825 και
212 3744 409 3871 “οι’κίας”
386 3779 408 3824 ο
426 3778 514 3824 τινα
533 3746 755 3890 αἰτιώμενος
773 3748 976 3854 εἰργάσθαι
996 3783 1030 3827 τι
1049 3749 1249 3829 τοιοῦτον·
1275 3748 1342 3827 είτ’
1352 3747 1504 3829 ov'rts'
1462 3782 1532 3867 τον

150 3839 320 3975 τυχόντα
346 3880 419 3951 τιν’
438 3868 560 3976 όρκον
587 3873 705 3950 τοῦτο
734 3872 897 3971 ποιήσει,
926 3868 1052 3952 ἀλλ’“
1028 3905 1077 3954 ον
1095 3871 1273 3967 οὐδείς“
1250 3903 1421 3977 ομνυσιν
1434 3870 1529 3977 ὕπερ

153 3998 314 4119 οὐδενός
332 3993 454 4079 ἄλλον
464 4059 475 4093 ,
505 3997 594 4091 οτοίς
613 4005 674 4078 επί
692 4002 771 4079 τῶν
789 4005 936 4102 τομίων
953 4001 1107 4105 κάπρου
1125 4010 1194 4082 καί
1202 4001 1328 4160 κριοῦ
1348 4008 1418 4080 καί
1435 4000 1530 4082 ταό-

153 4156 223 4228 ρου
241 4133 309 4202 καί
327 4123 477 4203 τούτων
494 4131 746 4231 ἐσφαγμένων
764 4119 836 4222 ὑφ’
856 4114 910 4204 όν
938 4126 997 4203 δεῖ
1021 4134 1092 4204 καί
1110 4136 1153 4206 ἐν
1171 4125 1231 4216 αἶς
1249 4121 1384 4232 ἡμέρας
1400 4130 1530 4224 καδό-

153 4283 233 4342 κει,
261 4248 356 4329 ὥστε
374 4259 443 4328 καὶ
462 4259 509 4329 ἐκ
525 4253 597 4327 τοῦ
611 4248 764 4353 χρόνου
783 4256 889 4328 καί’
870 4284 916 4329 εκ
933 4251 1012 4329 τῶν
1028 4253 1441 4357 οεταχειριζομένιον“
1412 4288 1529 4350 απαν,

153 4372 254 4455 ὅσον
271 4370 407 4454 ῖσθ’”
384 4404 515 4468 οσιον,
544 4376 786 4478 πεπρᾶχθαι
815 4383 886 4454 καί
917 4375 1015 4478 μετὰ
1043 4377 1166 4457 ταῦτα
1198 4373 1220 4457 ό
1236 4378 1321 4458 τόν
1346 4383 1530 4473 τοιοῦτον

154 4499 279 4605 όρκον
298 4499 511 4606 ὀμωμοκιίς
530 4495 640 4580 οῖίπα
660 4507 912 4596 πεπίστευται,
933 4500 1046 4580 ἀλλ”
1028 4502 1100 4582 noia
1115 4507 1325 4613 εξελεγχδῇ
1337 4542 1393 4608 μη
1383 4501 1531 4618 “λέγιον

153 4625 301 4729 ἀληθῆ,
329 4625 412 4723 τόν
423 4634 627 4776 ἐπιορκίαν
645 4625 952 4736 ἀπενεγκάμενος
976 4640 1056 4719 τοῖς
1083 4635 1222 4710 ἑαυτοῦ
1253 4638 1361 4711 παισί
1387 4640 1459 4713 κἀί
1477 4665 1530 4737 τῳ

153 4763 252 4862 γένει
271 4760 386 4832 πλεον
404 4749 532 4833 οὐδ’ς
511 4757 650 4835 οτιοῦν
666 4763 757 4849 ἕ·ξει
784 4755 855 4834 &cir
873 4754 911 4832 δὲ
932 4753 1023 4856 δόξῃ
1042 4788 1089 4833 τα
1080 4755 1244 4835 ’δίκαια
1262 4764 1447 4867 ἐγκαλεῖν
1463 4767 1529 4838 καί

154 4888 220 4980 ἕλῃ
237 4878 307 4958 τόν
329 4876 544 4981 δεδρακότα
570 4881 641 4958 τοῦ
672 4880 820 4980 φόνου,
850 4879 937 4959 οὐδ’
965 4879 1068 4962 οὕτω
1097 4882 1231 4987 κύριος
1258 4892 1435 4992 γίγνεται
1461 4887 1530 4966 τοῦ

152 4999 332 5100 ἑλόντος,
359 5004 443 5084 ἀλλ’
461 5012 617 5085 ἐκείνου
631 5011 706 5108 μὲν
723 5013 761 5086 ot
779 5007 892 5111 νόμοι
911 5005 1041 5110 κύριοι
1059 5010 1226 5089 κολάσαι
1242 5018 1313 5088 καί
1332 5004 1397 5102 oic-
1410 5034 1529 5117 now

155 5140 351 5228 τέτακται,
379 5131 436 5238 τῷ
453 5131 493 5209 δὲ
511 5131 656 5218 ἐπιδεῖν
679 5132 836 5213 διδόντα
863 5134 978 5226 δίκην
1006 5138 1169 5229 ἔξεστιν,
1201 5129 1249 5229 ἣν
1266 5139 1401 5232 ἔταξεν
1417 5130 1529 5229 δού-
