3436 5790
530 382 842 466 cameramos
860 409 915 463 sn
935 399 1015 464 resa.
1037 398 1118 466 resa
1137 405 1219 466 ross.
1490 390 1577 469 637
1599 477 1603 485 ι

176 596 284 680 multi
303 602 433 680 furtim
451 601 653 681 evehentes
671 600 1050 707 deprehenderentur,
1070 604 1135 705 qui
1152 603 1289 682 horum
1301 606 1569 710 uomina-epod

168 724 316 828 judices
335 727 567 828 deferebant,
586 738 668 807 tum
683 730 844 832 primum
861 727 1116 831 sycophantas
1134 728 1471 824 (denominatas)
1487 755 1570 810 asse

174 851 396 930 nominatos.
1025 862 1029 871 ’
1149 862 1151 867 ’

755 973 997 1063 musac.
1082 987 1102 1089 j

206 1262 208 1266 ι
278 1156 473 1239 Demosth.
491 1158 711 1240 Zenothems
731 1188 768 1265 p.
787 1160 887 1236 882:
916 1159 953 1232 οἱ
972 1153 1087 1257 νόμοι
1112 1153 1338 1248 κελεύουσι,
1368 1150 1435 1249 τάς
1454 1154 1568 1251 δίκας
1606 1225 1612 1242 .

171 1276 371 1370 εἶναιτοῖς
399 1279 631 1385 ναυκλήροις
658 1289 729 1360 καλ
758 1293 838 1371 τοῖς
865 1279 1044 1384 ἐμπόροις
1070 1281 1150 1360 τῶν
1170 1277 1373 1377 Ἀθήναζε
1399 1286 1469 1361 καλ
1488 1281 1567 1359 τῶν

165 1400 396 1501 Ἀθήνηθεν
414 1410 686 1510 συμβολαίων,
715 1415 786 1486 καλ
812 1414 895 1510 περὶ
915 1396 971 1484 οἷν
990 1402 1043 1484 dr
1061 1400 1130 1485 aiot
1151 1411 1386 1517 συγγραφαί.
1423 1409 1566 1514 (Leges
1642 1456 1644 1460 ·

165 1535 303 1636 jubent
322 1539 488 1616 actiones
506 1538 586 1617 dari
609 1540 848 1618 naviculariis
869 1549 907 1618 et
924 1539 1223 1641 negotiatoribus
1242 1540 1281 1615 in
1300 1537 1345 1617 iis
1363 1538 1564 1643 contracti

170 1661 263 1755 bus,
290 1665 354 1767 qui
373 1663 542 1744 Athenas
562 1665 712 1745 aliunde
731 1667 773 1744 et
787 1663 946 1744 Athenis
964 1664 1286 1762 aliorelarantur,
1306 1675 1345 1741 ct
1363 1663 1409 1743 de
1428 1664 1565 1770 quibus

170 1799 302 1867 extent
319 1789 504 1886 tabulae.)

278 1931 492 2013 Secundum
520 1936 759 2014 scholiastam
787 1938 827 2014 in
855 1932 1118 2039 Aristophanis
1147 1934 1298 2012 Plutum
1326 1940 1382 2031 (v.
1412 1934 1563 2030 tica),

169 2058 333 2162 quinque
353 2060 506 2139 fueraut
523 2061 761 2139 venditorum
779 2084 942 2162 generat
961 2052 1185 2149 αύιοπύλης
1204 2060 1463 2163 (propriorum
1473 2086 1563 2138 ven·

170 2182 309 2281 dilor];
327 2179 500 2275 κάπηλος
519 2188 706 2290 (caupo);
732 2187 898 2287 ἔμπορος
916 2188 1159 2285 (mercatam
1179 2180 1469 2290 παλιγκάπηλος
1488 2188 1563 2280 (ra-

171 2307 366 2405 venditor‚
386 2312 577 2411 institor);
599 2308 837 2412 perspicietis
858 2313 1068 2415 (propola).
1096 2303 1331 2400 Αύποπάλης
1350 2311 1453 2391 domi
1470 2337 1564 2393 vcn-¹

169 2435 285 2513 debat
302 2463 389 2515 suas
408 2464 479 2518 res.
508 2438 641 2543 Oaupo
661 2465 721 2518 res
739 2440 789 2517 ab
808 2431 1015 2534 αύιοπύλη
1034 2448 1180 2541 emptas
1198 2436 1238 2514 in
1256 2437 1389 2517 eadem
1407 2439 1564 2538 regione

169 2558 368 2640 vendebat.
405 2563 591 2643 Mercator
616 2591 679 2644 res
706 2576 850 2670 emptas
878 2565 927 2643 ad
956 2564 1176 2668 peregrinas
1195 2563 1368 2662 regiones
1388 2573 1561 2664 exporta-

168 2683 235 2764 bat
252 2687 300 2765 ad
319 2688 571 2768 vendendum.
608 2691 839 2772 Revenditor
864 2717 924 2770 res
951 2716 976 2767 a
993 2699 1201 2767 mercatore
1229 2699 1376 2793 emptas
1405 2712 1560 2767 venum-

168 2810 291 2889 dabat
328 2813 496 2916 Propola
513 2824 639 2892 autem
657 2826 803 2895 tantum
821 2816 956 2920 cotylis
975 2813 1174 2893 vendebat
1268 2904 1270 2909 g

274 2955 331 3033 De
351 2957 584 3061 cauponibus
603 2958 694 3037 dicit
712 2961 822 3040 Plato
841 2958 1113 3055 (Politicus
1132 2957 1223 3055 260,
1243 2959 1322 3054 D),
1351 2956 1451 3058 quod
1471 2957 1565 3037 alio.

168 3107 248 3158 rum
269 3108 387 3185 opera
405 3084 509 3185 prius
528 3084 680 3165 vendita
698 3086 945 3189 succipientes
963 3085 1037 3187 ipsi
1054 3110 1182 3163 rursus
1202 3083 1378 3163 vendant.

746 3331 823 3461 so
843 3333 988 3418 roae
1012 3407 1021 3416 ,,

273 3497 318 3576 In
336 3495 560 3577 editionibus
577 3497 732 3600 legitur:
761 3494 900 3589 οἰκῆος
927 3501 998 3572 καὶ
1023 3492 1171 3597 βλάβης
1196 3490 1268 3587 τὴν
1295 3490 1439 3587 δούλην
1457 3489 1556 3572 εἶναι

166 3613 350 3714 ὀφείλειν.
389 3623 473 3702 Ηοο
492 3635 618 3703 tamen
636 3624 953 3705 nullumsensum
980 3625 1144 3730 praebet.
1182 3621 1370 3701 Heraldus
1388 3626 1554 3727 suspica·

163 3758 222 3825 tus
241 3758 299 3824 est
316 3749 555 3828 scribendum
573 3773 655 3830 esse
674 3746 812 3841 οἰκῆος
829 3752 900 3825 καὶ
921 3744 1058 3842 δούλης
1080 3744 1152 3842 τὴν
1168 3748 1359 3850 βλύβην,·
1376 3750 1477 3851 quod
1496 3774 1557 3828 su·

164 3874 349 3975 perfluum
368 3902 450 3954 csse
470 3876 636 3974 videtur,
666 3903 752 3955 cum
780 3871 900 3969 δούλη
927 3877 998 3957 sub
1026 3873 1162 3967 οἰκῆος
1186 3875 1427 3974 intelligatur.
1444 3914 1449 3920 ·
1465 3873 1560 3953 Ideo

163 3999 351 4080 adhaereo
380 4000 699 4102 schellingio
729 4002 798 4098 (de
827 4002 977 4082 Solonis
1006 4002 1170 4102 Legibus
1199 4029 1235 4104 p.
1259 4000 1366 4095 138),
1397 4000 1460 4099 qui
1483 3993 1561 4090 ’τῆν’

164 4117 311 4215 δούλην
329 4138 504 4230 corrupta
521 4126 635 4206 habet
656 4155 725 4231 pro
743 4122 817 4217 τὴν
835 4123 987 4219 διπλῆν.
1003 4165 1009 4175 ·

269 4268 553 4348 Ammonius
582 4299 611 4348 s.
631 4298 665 4348 v.
698 4267 919 4371 ολκύιριιρ.·
949 4263 1050 4371 παρά
1071 4265 1228 4346 Σόλωνι
1246 4254 1453 4358 erigona
1483 4231 1562 4343 αι’-Ι

162 4387 282 4480 attic
309 4398 491 4485 άέιιληται
510 4384 532 4470 ὅ
553 4394 751 4497 οἰκότριψ.

741 4590 982 4678 111188.
1028 4618 1032 4624 ·
1202 4523 1205 4527 ¹

172 4743 175 4746 ”
268 4755 414 4836 Olarius
441 4758 662 4861 intelligitur
690 4757 783 4838 haec
810 4761 871 4838 lex
896 4759 1201 4862 eXenophontis
1219 4756 1386 4836 Historia
1403 4753 1552 4834 Graeca

159 4881 208 4977 ΙΙ,
227 4883 265 4980 4,
284 4883 356 4959 41:
385 4876 509 4983 ὥσπερ
536 4878 630 4970 πούς
657 4880 874 4971 δάκνοντας
897 4880 1022 4971 κύνας
1039 4879 1167 4983 κλοιῷ
1184 4872 1366 4972 δήσαντες
1385 4876 1566 4979 παραδι-·,

160 5003 320 5098 dsiccar,
350 5001 452 5085 ούπιο
479 5004 663 5086 κάκιῖνοι
690 5001 793 5109 ύμαῖς
821 5006 1061 5111 παραδόντας
1074 5028 1076 5033 ’
1091 5007 1147 5111 τῷ
1177 4992 1395 5108 ἦδικηιιύνιρ
1420 5002 1559 5108 τούτῳ·

159 5129 266 5236 διἠαιρ
285 5133 463 5234 algemus
482 5131 669 5225 ἀπιόντες.
689 5139 1035 5237 (Quemadmodum
1042 5165 1156 5221 canes
1171 5136 1371 5219 mordaces
1384 5122 1557 5216 nunsua
