3404 5782
694 386 756 442 JUS
777 383 995 441 vas‘svss.

787 580 900 656 1379.

262 725 306 802 In
326 724 453 812 litibus
472 724 724 827 orphanorum
742 734 882 801 tutores
902 734 1046 800 certent
1054 750 1136 800 cum
1147 720 1318 827 quolibet
1337 725 1384 803 in
1397 721 1568 828 judicio.

261 1024 547 1124 Δοκιμάζονται
568 1027 603 1100 oi
622 1033 683 1121 ἐφ’
702 1017 854 1116 ἡλικίας
883 1021 1071 1122 ὀρφανοὶ,
1101 1029 1137 1099 εἰ
1164 1021 1358 1101 δύνανται
1394 1021 1452 1100 τά
1486 1055 1563 1101 πα-

154 1149 258 1252 τρῷα
278 1149 381 1250 παρὰ
398 1150 477 1226 τῶν
494 1148 705 1252 ἐπιτρόπων
725 1146 1028 1249 ἀπολαμβάνειν.

788 1277 961 1372 (Bekker
979 1277 1120 1354 Anecd.
1139 1303 1194 1376 gr.
1214 1280 1243 1355 Ι.
1263 1306 1300 1381 p.
1323 1281 1448 1379 235.)

786 1442 900 1519 1380.

261 1584 503 1661 Examinatur
532 1596 634 1661 aetas
661 1581 931 1685 orphanorum,
970 1611 1018 1659 an
1048 1584 1191 1686 possint
1218 1584 1506 1684 patrimonium
1534 1615 1556 1664 a

144 1712 336 1790 -tutoribus
356 1713 537 1815 accipere.

792 1817 904 1894 1381.

147 1916 160 1956 Ἰ
252 1955 305 2038 ‘0
325 1961 362 2037 δὲ
382 1965 435 2048 εἰς
454 1956 705 2060 ληξιαρχικὸν
722 1968 985 2064 γραμματεῖον
1002 1962 1204 2063 ἐγγραφεὶς
1225 1951 1294 2050 ἤδη
1314 1957 1363 2034 ταὶ
1385 1961 1552 2062 πατρῷα

153 2084 454 2188 παραλαμβάνει.
791 2130 906 2272 ¹38¹*
1019 2087 1171 2181 (Pollux
1191 2089 1296 2186 VIII,
1321 2091 1440 2185 104.)

259 2342 332 2439 Qui
352 2366 442 2421 vero
462 2343 501 2418 in
519 2341 782 2420 lexiamhicum
800 2341 936 2418 librum
954 2340 1154 2440 inscriptus
1173 2352 1248 2436 est,
1268 2343 1546 2443 patrimonium

152 2482 320 2574 occupat.

792 2576 905 2651 1382.

213 2721 215 2724 ’
253 2715 436 2795 Ἐπειδάα
464 2749 519 2804 τις
546 2715 719 2822 ἐγγραφῇ
748 2719 802 2803 εἰς
828 2714 873 2791 τὸ
901 2711 1154 2815 ληξιαρχικὸν
1180 2727 1452 2819 γραμματεῖον
1474 2725 1541 2795 καὶ

151 2843 242 2932 τούς
263 2842 403 2942 νόμους
421 2844 503 2948 γνῷ
522 2849 592 2917 καὶ
612 2840 694 2938 εἰδῇ
713 2839 804 2928 τούς
822 2840 886 2932 τῆς
906 2841 1046 2930 πόλεως
1065 2850 1134 2919 καὶ
1164 2837 1233 2936 ἤδη
1259 2842 1422 2933 δύνηται
1453 2842 1539 2920 δια-

151 2975 376 3074 λογίζεσθαι
398 2966 452 3043 ταὶ
485 2964 589 3043 καλὰ
617 2973 687 3044 καὶ
715 2965 762 3042 τὰ
786 2966 864 3067 μή,
894 2965 1025 3044 οὐκέτι
1055 2975 1167 3069 ἑτέρῳ
1187 2969 1424 3075 διαλέγεται,
1456 2967 1538 3045 ἀλλ’

151 3089 221 3185 ἤδη
241 3090 359 3192 αὐτῷ.
815 3096 1007 3190 (Aeschin.
1026 3125 1057 3175 c.
1077 3098 1262 3176 Timaroh.
1282 3096 1317 3201 ξ.
1340 3099 1427 3193 18.)

784 3242 896 3321 1382.
1371 3251 1375 3257 ’

258 3387 459 3484 Postquam
485 3385 565 3486 quis
593 3384 630 3458 in
659 3383 786 3462 album
815 3386 952 3463 civium
975 3387 1173 3490 inscriptus
1203 3387 1334 3480 fuerit,
1368 3400 1407 3463 et
1435 3388 1537 3489 leges

151 3511 310 3587 civitatis
331 3512 477 3587 noverit
495 3538 538 3587 ac
558 3512 707 3587 sciverit
735 3524 772 3619 θ1
796 3514 877 3613 jam
904 3515 1001 3589 inter
1020 3515 1178 3590 honesta
1197 3526 1234 3589 et
1253 3513 1381 3615 turpia
1400 3515 1537 3590 discer-

150 3664 239 3713 nere
260 3637 441 3739 potuerit,
470 3659 545 3712 non
565 3637 723 3738 amplius
742 3628 826 3714 sum
845 3635 926 3714 aliis
945 3639 1042 3737 agit,
1072 3639 1137 3714 sed
1159 3665 1242 3714 cum
1260 3639 1356 3741 ipso.

787 3801 901 3876 1383.

260 3937 348 4016 Οὐκ
368 3936 551 4015 ἀποδόντι
573 3937 692 4045 λόγον
709 3939 898 4042 ἐπιτρόπῳ
917 3943 1153 4047 ἐγκαλοῦσιν
1173 3947 1209 4019 οἱ
1229 3941 1421 4044 ὀρφανοί.

722 4071 933 4165 (Demosth.
953 4073 1037 4149 adv.
1056 4070 1291 4149 Nausimaoh.
1314 4077 1431 4170 989.)

789 4233 901 4310 1383.

258 4357 438 4436 Tutorem
457 4360 620 4435 rationes
644 4384 719 4435 non
739 4359 958 4435 reddentem
976 4360 1015 4435 in
1029 4360 1093 4461 jus
1113 4373 1248 4436 vocant
1266 4363 1414 4465 pupilli.

782 4523 895 4603 1384.

257 4653 409 4731 Σῖτος
435 4650 605 4719 καλεῖται
626 4636 645 4738 ἦ
668 4642 845 4744 διδομένη
866 4642 1050 4744 πρόσοδος
1069 4649 1122 4731 εἰς
1141 4642 1291 4743 τροφήν
1302 4660 1389 4737 ταῖς
1400 4682 1539 4756 γυναι-

150 4779 211 4864 §iv
231 4767 253 4863 ἢ
271 4781 350 4856 τοῖς
370 4768 565 4870 ὀρφανοῖς,
1126 4774 1435 4876 (Harpocratio.)

784 4883 894 4956 1384.

256 5009 387 5086 Victus
406 5020 558 5085 vocatus·
576 5007 735 5104 reditus,
766 5011 828 5109 qui
856 5009 903 5085 ad
931 5010 1108 5089 alimenta
1136 5013 1356 5089 mulieribus
1388 5017 1451 5091 vel
1473 5045 1538 5118 pu-

147 5136 247 5239 pillis
264 5139 473 5239 praebetur.
