3436 5790
615 416 786 471 exacuto
815 415 1001 470 carrucas.
1419 394 1493 472 22¹

117 608 327 690 nathenaea
344 607 502 687 reddant
520 612 703 706 rationes,
731 608 1039 711 quemadmodum
1057 609 1246 687 Minervae
1271 620 1496 711 quaestores.

117 734 282 816 Tabulas
301 748 445 832 autem,
465 736 600 837 quibus
619 761 744 813 sacras
763 736 941 836 pecunias
959 734 1235 836 inscripserint,
1263 735 1302 809 in
1320 759 1405 812 arce
1424 749 1496 813 sta·

118 875 223 940 tuant
241 875 466 964 quaestores.

222 990 426 1089 Postquam
446 1012 535 1063 vero
557 987 735 1089 pecuniae
760 984 830 1062 diis
859 986 1049 1062 restitutae
1080 986 1236 1075 fuerint,
1265 985 1301 1060 id
1321 986 1419 1086 quod
1437 1014 1496 1063 su-

119 1127 260 1217 perest,
288 1112 529 1214 impendatur
547 1113 585 1187 in
604 1111 753 1187 navalia
771 1123 809 1186 et
827 1134 960 1187 muros.
1249 1100 1250 1105 ’

717 1392 831 1483 Μέρος
853 1391 900 1480 β’.

590 1515 1027 1610 Ἐπικεφάλαιον.

548 1880 775 1947 Exactio
822 1880 1064 1965 capitum.

762 2041 851 2119 871.

226 2166 314 2244 Τῶν
328 2170 526 2266 μετοίκων
544 2159 566 2244 ά
582 2171 657 2265 μὲν
676 2163 772 2266 ἀνὴρ
794 2164 942 2242 δώδεκα
965 2162 1136 2265 δραχμάς
1160 2171 1259 2243 τελε-ἴ
1270 2168 1495 2265 μετοίκιον,

119 2285 140 2385 ἦ
162 2291 197 2368 δι’
218 2291 315 2397 γυνή
336 2300 393 2384 ἕξ.
415 2300 484 2367 καὶ
513 2292 583 2368 τοῦ
615 2292 703 2367 υίοῦ
727 2291 944 2380 τελοῦντος,
975 2285 1132 2389 ἦμὴτηρ
1152 2287 1199 2366 οῦ
1220 2297 1335 2382 τελεῖ,
1361 2291 1416 2391 με)
1435 2323 1496 2368 τε·

119 2418 281 2505 λοῦντος
300 2416 359 2508 δι’,
390 2416 486 2508 αῦτι)
507 2422 612 2492 τελεῖ.
954 2419 1126 2511 (Suidasr
1150 2422 1389 2513 μετοίκιον.)

765 2527 855 2603 871.

222 2636 490 2737 Inquilinorum
520 2636 590 2711 viri
623 2634 817 2712 drachmas
857 2633 1072 2725 duodecim,
1112 2635 1285 2711 mulieres
1312 2661 1401 2711 vero
1430 2662 1496 2713 sex

119 2760 313 2838 drachmas
342 2789 409 2863 pro
438 2761 602 2837 incolatu
630 2760 822 2862 pendunt3
850 2758 1000 2854 deinde,
1034 2759 1109 2836 filio
1137 2759 1345 2861 pendente,
1377 2772 1497 2838 mater

116 2888 285 2964 immunis
305 2897 381 2984 est3
411 2912 488 2962 non
508 2886 695 2988 pendente
715 2911 824 2983 vero,
854 2887 936 2987 ipsa
954 2884 1094 2988 pendit.

762 3047 851 3124 872.

225 3172 271 3245 Οἱ
294 3167 348 3268 με)
376 3175 544 3256 τιθέντες
570 3166 615 3244 τὸ
639 3173 846 3267 μετοίκιον
864 3174 1040 3269 μέτοικοι
1060 3165 1278 3273 ἀπάγονται
1296 3167 1387 3270 πρὸς
1407 3169 1496 3259 τοῦς

120 3293 307 3387 πωλητάς,
336 3302 403 3370 καί
424 3292 492 3371 ίάν
510 3286 652 3383 άλῶσι,
684 3291 975 3394 πιπράσκονται.

841 3424 1126 3526 (Harpocratioz
1150 3425 1388 3517 μετοίκιον.)

761 3567 851 3643 872.

223 3675 418 3775 Inquilini,
447 3675 509 3775 qui
528 3699 604 3749 non
623 3674 774 3750 solvunt
791 3675 970 3752 tributum
989 3701 1058 3776 pro
1079 3673 1259 3770 incolatu,
1280 3672 1327 3752 ad
1345 3674 1493 3753 Poletaa

122 3799 326 3897 ducantur,
355 3812 392 3877 et
410 3801 440 3877 si
460 3801 621 3876 convicti
640 3801 796 3896 fuerint,
826 3826 965 3878 venum
984 3812 1080 3878 eant.

762 3961 850 4038 873.

225 4084 271 4163 Oi
291 4080 425 4161 δοῦλοι
455 4080 662 4181 ἀφεθέντες
693 4074 772 4160 sind
800 4083 878 4160 τῶν
907 4082 1099 4161 δεσποτῶν
1126 4082 1280 4161 τελοῦσι
1298 4081 1343 4162 τὸ
1358 4090 1492 4184 μετοί-

122 4240 229 4287 κιον·
259 4209 352 4312 πρὸς
371 4209 409 4288 δὲ
429 4222 509 4298 ταῖς
529 4208 679 4285 δώδεκα
700 4207 886 4311 δραχμαῖς
904 4217 972 4287 καί
991 4209 1205 4312 τριώβολον
1221 4208 1382 4291 τελοῦσι.

841 4338 1129 4442 (Harpocratior
1152 4330 1388 4436 μετοίκιον.)

224 4607 330 4688 Servi
359 4636 382 4686 a
408 4608 568 4689 dominis
596 4594 813 4723 manumissi
840 4610 1010 4719 pendunt
1038 4609 1304 4711 inquilinorum
1332 4638 1493 4693 censum.

120 4728 272 4813 Praeter
288 4736 488 4815 duodecim
507 4736 701 4813 drachmas
720 4747 845 4813 autem
864 4736 1063 4813 triobolum
1081 4737 1241 4814 solvunt.

758 4896 848 4974 874.

226 5016 314 5096 Οῦκ
332 5019 449 5109 ίξεστι
469 5021 564 5117 ξένῳ
583 5023 626 5094 ἐν
642 5020 689 5116 τῇ
708 5013 832 5122 άγορᾷ
850 5015 1090 5123 ἐργάζεσθαι,Ι
1109 5025 1148 5096 εί
1159 5019 1217 5120 με)
1232 5019 1364 5114 ξενικά
1383 5027 1490 5098 τελεῖ.

489 5146 700 5239 (Demosth.
720 5173 750 5225 c.
770 5149 944 5228 Eubulid.
968 5149 1080 5230 1308.
1110 5151 1189 5239 Lex
1205 5148 1386 5245 Solonis.)
