<?xml version="1.0" encoding="UTF-8"?>
<!DOCTYPE html PUBLIC "-//W3C//DTD XHTML 1.0 Transitional//EN"
    "http://www.w3.org/TR/xhtml1/DTD/xhtml1-transitional.dtd">
<html xmlns="http://www.w3.org/1999/xhtml" xml:lang="en" lang="en">
 <head>
  <title>
</title>
<meta http-equiv="Content-Type" content="text/html;charset=utf-8" />
  <meta name='ocr-system' content='tesseract 3.04.00' />
  <meta name='ocr-capabilities' content='ocr_page ocr_carea ocr_par ocr_line ocrx_word'/>
</head>
<body>
  <div class='ocr_page' id='page_1' title='image "./synaggtnattiknn00tlgoog_0150.png"; bbox 0 0 3404 5782; ppageno 0'>
   <div class='ocr_carea' id='block_1_1' title="bbox 737 356 1028 413">
    <p class='ocr_par' dir='ltr' id='par_1_1' title="bbox 737 356 1028 413">
     <span class='ocr_line' id='line_1_1' title="bbox 737 356 1028 413; baseline -0.017 -2"><span class='ocrx_word' id='word_1_1' title='bbox 737 362 800 413; x_wconf 80' lang='lat' dir='ltr'><strong><em>ms</em></strong></span> <span class='ocrx_word' id='word_1_2' title='bbox 817 356 1028 412; x_wconf 78' lang='lat' dir='ltr'>PUBLICUM.</span> 
     </span>
    </p>
   </div>
   <div class='ocr_carea' id='block_1_2' title="bbox 194 683 1580 1047">
    <p class='ocr_par' dir='ltr' id='par_1_2' title="bbox 194 683 1580 1047">
     <span class='ocr_line' id='line_1_2' title="bbox 306 683 1577 792; baseline -0.003 -22"><span class='ocrx_word' id='word_1_3' title='bbox 306 693 387 787; x_wconf 76' lang='grc' dir='ltr'><strong><em>Τὴν</em></strong></span> <span class='ocrx_word' id='word_1_4' title='bbox 423 691 642 785; x_wconf 80' lang='grc' dir='ltr'><em>δωδεκάτην</em></span> <span class='ocrx_word' id='word_1_5' title='bbox 679 689 750 767; x_wconf 78' lang='grc' dir='ltr'><strong><em>τοῦ</em></strong></span> <span class='ocrx_word' id='word_1_6' title='bbox 784 690 1105 790; x_wconf 74' lang='grc' dir='ltr'><strong><em>Σκιροφοριῶνος</em></strong></span> <span class='ocrx_word' id='word_1_7' title='bbox 1133 693 1326 792; x_wconf 80' lang='grc' dir='ltr'><strong><em>ἱεροτέραν</em></strong></span> <span class='ocrx_word' id='word_1_8' title='bbox 1354 683 1577 785; x_wconf 71' lang='grc' dir='ltr'><strong><em>ἐποίησενό</em></strong></span> 
     </span>
     <span class='ocr_line' id='line_1_3' title="bbox 194 806 1580 924; baseline -0.006 -26"><span class='ocrx_word' id='word_1_9' title='bbox 194 818 465 907; x_wconf 88' lang='grc' dir='ltr'><strong><em>Μανιινιακός</em></strong></span> <span class='ocrx_word' id='word_1_10' title='bbox 493 816 621 924; x_wconf 74' lang='grc' dir='ltr'><strong><em>ἀγόν,</em></strong></span> <span class='ocrx_word' id='word_1_11' title='bbox 652 825 694 893; x_wconf 78' lang='grc' dir='ltr'><strong><em>ἐν</em></strong></span> <span class='ocrx_word' id='word_1_12' title='bbox 723 806 755 916; x_wconf 78' lang='grc' dir='ltr'><em>ᾦ</em></span> <span class='ocrx_word' id='word_1_13' title='bbox 783 817 861 891; x_wconf 85' lang='grc' dir='ltr'><strong><em>των</em></strong></span> <span class='ocrx_word' id='word_1_14' title='bbox 889 810 1018 893; x_wconf 82' lang='grc' dir='ltr'><strong><em>όίλλων</em></strong></span> <span class='ocrx_word' id='word_1_15' title='bbox 1046 815 1255 915; x_wconf 78' lang='grc' dir='ltr'><strong><em>σημμάχων</em></strong></span> <span class='ocrx_word' id='word_1_16' title='bbox 1288 823 1580 918; x_wconf 73' lang='grc' dir='ltr'><strong><em>ἐκβιασθέντων</em></strong></span> 
     </span>
     <span class='ocr_line' id='line_1_4' title="bbox 194 939 1580 1047; baseline -0.005 -24"><span class='ocrx_word' id='word_1_17' title='bbox 194 955 263 1023; x_wconf 86' lang='grc' dir='ltr'><strong><em>καί</em></strong></span> <span class='ocrx_word' id='word_1_18' title='bbox 282 951 523 1047; x_wconf 78' lang='grc' dir='ltr'><strong><em>τραπέντων,</em></strong></span> <span class='ocrx_word' id='word_1_19' title='bbox 547 942 666 1045; x_wconf 83' lang='grc' dir='ltr'><strong><em>μόνοι</em></strong></span> <span class='ocrx_word' id='word_1_20' title='bbox 697 945 733 1018; x_wconf 78' lang='grc' dir='ltr'><strong><em>οἱ</em></strong></span> <span class='ocrx_word' id='word_1_21' title='bbox 759 939 968 1033; x_wconf 84' lang='grc' dir='ltr'><strong><em>Ἀθηναῖοι</em></strong></span> <span class='ocrx_word' id='word_1_22' title='bbox 988 939 1032 1016; x_wconf 92' lang='grc' dir='ltr'><strong><em>τό</em></strong></span> <span class='ocrx_word' id='word_1_23' title='bbox 1053 947 1150 1017; x_wconf 88' lang='grc' dir='ltr'><strong><em>καθ’</em></strong></span> <span class='ocrx_word' id='word_1_24' title='bbox 1175 943 1336 1032; x_wconf 78' lang='grc' dir='ltr'><strong><em>ἑαυτούς</em></strong></span> <span class='ocrx_word' id='word_1_25' title='bbox 1355 942 1580 1039; x_wconf 70' lang='grc' dir='ltr'><strong><em>νικήσαντες</em></strong></span> 
     </span>
    </p>
   </div>
   <div class='ocr_carea' id='block_1_3' title="bbox 196 1064 1242 1171">
    <p class='ocr_par' dir='ltr' id='par_1_3' title="bbox 196 1064 1242 1171">
     <span class='ocr_line' id='line_1_5' title="bbox 196 1064 1242 1171; baseline -0.004 -22"><span class='ocrx_word' id='word_1_26' title='bbox 196 1071 402 1165; x_wconf 74' lang='grc' dir='ltr'><strong><em>ἐστήσαντο</em></strong></span> <span class='ocrx_word' id='word_1_27' title='bbox 421 1067 607 1171; x_wconf 89' lang='grc' dir='ltr'><strong><em>τρόπαιον</em></strong></span> <span class='ocrx_word' id='word_1_28' title='bbox 626 1064 702 1142; x_wconf 83' lang='grc' dir='ltr'><strong><em>ἀπό</em></strong></span> <span class='ocrx_word' id='word_1_29' title='bbox 722 1066 801 1142; x_wconf 77' lang='grc' dir='ltr'><strong><em>τῶν</em></strong></span> <span class='ocrx_word' id='word_1_30' title='bbox 820 1065 1021 1144; x_wconf 83' lang='grc' dir='ltr'><strong><em>νικώντων</em></strong></span> <span class='ocrx_word' id='word_1_31' title='bbox 1039 1071 1242 1165; x_wconf 88' lang='grc' dir='ltr'><strong><em>πολεμίων.</em></strong></span> 
     </span>
    </p>
   </div>
   <div class='ocr_carea' id='block_1_4' title="bbox 827 1194 1473 1294">
    <p class='ocr_par' dir='ltr' id='par_1_4' title="bbox 827 1194 1473 1294">
     <span class='ocr_line' id='line_1_6' title="bbox 827 1194 1473 1294; baseline 0.006 -26"><span class='ocrx_word' id='word_1_32' title='bbox 827 1194 1034 1288; x_wconf 84' lang='lat' dir='ltr'><strong>(Plutarch.</strong></span> <span class='ocrx_word' id='word_1_33' title='bbox 1055 1195 1100 1271; x_wconf 91' lang='lat' dir='ltr'><strong><em>de</em></strong></span> <span class='ocrx_word' id='word_1_34' title='bbox 1119 1197 1240 1294; x_wconf 81' lang='lat' dir='ltr'><strong>gloria</strong></span> <span class='ocrx_word' id='word_1_35' title='bbox 1259 1195 1395 1274; x_wconf 81' lang='lat' dir='ltr'><strong>Athen.</strong></span> <span class='ocrx_word' id='word_1_36' title='bbox 1416 1198 1473 1291; x_wconf 78' lang='lat'><strong><em>7.)</em></strong></span> 
     </span>
    </p>
   </div>
   <div class='ocr_carea' id='block_1_5' title="bbox 848 1356 936 1431">
    <p class='ocr_par' dir='ltr' id='par_1_5' title="bbox 848 1356 936 1431">
     <span class='ocr_line' id='line_1_7' title="bbox 848 1356 936 1431; baseline 0.011 -1"><span class='ocrx_word' id='word_1_37' title='bbox 848 1356 936 1431; x_wconf 89' lang='grc'><strong>522.</strong></span> 
     </span>
    </p>
   </div>
   <div class='ocr_carea' id='block_1_6' title="bbox 196 1481 1584 1842">
    <p class='ocr_par' dir='ltr' id='par_1_6' title="bbox 196 1481 1584 1842">
     <span class='ocr_line' id='line_1_8' title="bbox 302 1481 1581 1586; baseline -0.006 -18"><span class='ocrx_word' id='word_1_38' title='bbox 302 1487 574 1568; x_wconf 76' lang='lat' dir='ltr'><strong>Duodecimum</strong></span> <span class='ocrx_word' id='word_1_39' title='bbox 600 1481 898 1584; x_wconf 80' lang='lat' dir='ltr'><strong>Soirophorionis</strong></span> <span class='ocrx_word' id='word_1_40' title='bbox 927 1483 1046 1579; x_wconf 82' lang='lat' dir='ltr'><strong>magis</strong></span> <span class='ocrx_word' id='word_1_41' title='bbox 1075 1507 1220 1558; x_wconf 75' lang='lat' dir='ltr'><strong>suoram</strong></span> <span class='ocrx_word' id='word_1_42' title='bbox 1245 1483 1335 1559; x_wconf 82' lang='lat' dir='ltr'><strong>fecit</strong></span> <span class='ocrx_word' id='word_1_43' title='bbox 1371 1509 1499 1586; x_wconf 81' lang='lat' dir='ltr'><strong>pugno</strong></span> <span class='ocrx_word' id='word_1_44' title='bbox 1533 1482 1581 1560; x_wconf 83' lang='lat' dir='ltr'><strong><em>od</em></strong></span> 
     </span>
     <span class='ocr_line' id='line_1_9' title="bbox 196 1607 1584 1712; baseline -0.006 -18"><span class='ocrx_word' id='word_1_45' title='bbox 196 1617 447 1708; x_wconf 79' lang='lat' dir='ltr'><strong>Mantineam,</strong></span> <span class='ocrx_word' id='word_1_46' title='bbox 479 1613 518 1688; x_wconf 93' lang='lat' dir='ltr'><strong><em>in</em></strong></span> <span class='ocrx_word' id='word_1_47' title='bbox 545 1636 619 1712; x_wconf 84' lang='lat' dir='ltr'><strong><em>qua</em></strong></span> <span class='ocrx_word' id='word_1_48' title='bbox 646 1609 764 1711; x_wconf 87' lang='lat' dir='ltr'><strong>pulsis</strong></span> <span class='ocrx_word' id='word_1_49' title='bbox 788 1607 1081 1708; x_wconf 75' lang='lat' dir='ltr'><strong>cedentibusque</strong></span> <span class='ocrx_word' id='word_1_50' title='bbox 1101 1608 1286 1685; x_wconf 75' lang='lat' dir='ltr'><strong>sociorum</strong></span> <span class='ocrx_word' id='word_1_51' title='bbox 1302 1611 1441 1711; x_wconf 81' lang='lat' dir='ltr'><strong>copiis,</strong></span> <span class='ocrx_word' id='word_1_52' title='bbox 1470 1610 1540 1685; x_wconf 87' lang='lat' dir='ltr'><strong>soli</strong></span> <span class='ocrx_word' id='word_1_53' title='bbox 1559 1636 1584 1686; x_wconf 85' lang='lat' dir='ltr'><strong>u</strong></span> 
     </span>
     <span class='ocr_line' id='line_1_10' title="bbox 197 1732 1584 1842; baseline -0.005 -23"><span class='ocrx_word' id='word_1_54' title='bbox 197 1769 265 1820; x_wconf 85' lang='lat' dir='ltr'><strong><em>sua</em></strong></span> <span class='ocrx_word' id='word_1_55' title='bbox 283 1751 389 1842; x_wconf 85' lang='lat' dir='ltr'><strong>parte</strong></span> <span class='ocrx_word' id='word_1_56' title='bbox 410 1738 577 1813; x_wconf 82' lang='lat' dir='ltr'><strong>vicerunt</strong></span> <span class='ocrx_word' id='word_1_57' title='bbox 596 1732 862 1828; x_wconf 77' lang='lat' dir='ltr'><strong>Athenienses,</strong></span> <span class='ocrx_word' id='word_1_58' title='bbox 892 1743 1159 1834; x_wconf 78' lang='lat' dir='ltr'><strong>tropaeumque</strong></span> <span class='ocrx_word' id='word_1_59' title='bbox 1179 1733 1227 1810; x_wconf 86' lang='lat' dir='ltr'><strong><em>de</em></strong></span> <span class='ocrx_word' id='word_1_60' title='bbox 1243 1734 1450 1812; x_wconf 75' lang='lat' dir='ltr'><strong>victoribus</strong></span> <span class='ocrx_word' id='word_1_61' title='bbox 1468 1733 1584 1812; x_wconf 83' lang='lat' dir='ltr'><strong>hosti·</strong></span> 
     </span>
    </p>
   </div>
   <div class='ocr_carea' id='block_1_7' title="bbox 198 1868 939 2042">
    <p class='ocr_par' dir='ltr' id='par_1_7' title="bbox 198 1868 939 2042">
     <span class='ocr_line' id='line_1_11' title="bbox 198 1868 502 1967; baseline -0.026 -23"><span class='ocrx_word' id='word_1_62' title='bbox 198 1868 268 1944; x_wconf 87' lang='lat' dir='ltr'><strong><em>bus</em></strong></span> <span class='ocrx_word' id='word_1_63' title='bbox 288 1872 502 1967; x_wconf 86' lang='lat' dir='ltr'><strong>posuerunt.</strong></span> 
     </span>
     <span class='ocr_line' id='line_1_12' title="bbox 851 1966 939 2042; baseline 0.023 -2"><span class='ocrx_word' id='word_1_64' title='bbox 851 1966 939 2042; x_wconf 89' lang='grc'><strong>523.</strong></span> 
     </span>
    </p>
   </div>
   <div class='ocr_carea' id='block_1_8' title="bbox 303 2102 1583 2212">
    <p class='ocr_par' dir='ltr' id='par_1_8' title="bbox 303 2102 1583 2212">
     <span class='ocr_line' id='line_1_13' title="bbox 303 2102 1583 2212; baseline -0.016 -24"><span class='ocrx_word' id='word_1_65' title='bbox 303 2108 562 2210; x_wconf 85' lang='grc' dir='ltr'><strong><em>Ἀρρηφορία,</em></strong></span> <span class='ocrx_word' id='word_1_66' title='bbox 593 2105 701 2208; x_wconf 71' lang='grc' dir='ltr'><strong><em>ἑορτή</em></strong></span> <span class='ocrx_word' id='word_1_67' title='bbox 728 2111 995 2207; x_wconf 76' lang='grc' dir='ltr'><strong><em>ἐπιτελουμένη</em></strong></span> <span class='ocrx_word' id='word_1_68' title='bbox 1021 2136 1068 2202; x_wconf 85' lang='grc' dir='ltr'><strong><em>τη</em></strong></span> <span class='ocrx_word' id='word_1_69' title='bbox 1093 2102 1248 2207; x_wconf 75' lang='grc' dir='ltr'><strong><em>Ἀθηνᾷ</em></strong></span> <span class='ocrx_word' id='word_1_70' title='bbox 1276 2115 1320 2211; x_wconf 75' lang='grc' dir='ltr'><strong><em>ἐν</em></strong></span> <span class='ocrx_word' id='word_1_71' title='bbox 1349 2108 1404 2207; x_wconf 72' lang='grc' dir='ltr'><strong><em>τῴ</em></strong></span> <span class='ocrx_word' id='word_1_72' title='bbox 1432 2114 1583 2212; x_wconf 73' lang='lat' dir='ltr'><strong><em>2on-</em></strong></span> 
     </span>
    </p>
   </div>
   <div class='ocr_carea' id='block_1_9' title="bbox 200 2236 1477 2418">
    <p class='ocr_par' dir='ltr' id='par_1_9' title="bbox 200 2236 1477 2418">
     <span class='ocr_line' id='line_1_14' title="bbox 200 2236 1477 2418; baseline 0.001 -106"><span class='ocrx_word' id='word_1_73' title='bbox 200 2237 361 2337; x_wconf 83' lang='grc' dir='ltr'><strong><em>φοριῶνι</em></strong></span> <span class='ocrx_word' id='word_1_74' title='bbox 377 2241 482 2335; x_wconf 84' lang='grc' dir='ltr'><strong><em>μηνὶ.</em></strong></span> <span class='ocrx_word' id='word_1_75' title='bbox 850 2343 926 2418; x_wconf 83' lang='lat'><strong><em>523</em></strong></span> <span class='ocrx_word' id='word_1_76' title='bbox 1127 2236 1310 2338; x_wconf 85' lang='lat' dir='ltr'><strong>(Etymol.</strong></span> <span class='ocrx_word' id='word_1_77' title='bbox 1329 2237 1477 2336; x_wconf 80' lang='lat' dir='ltr'><strong>Magn.)</strong></span> 
     </span>
    </p>
   </div>
   <div class='ocr_carea' id='block_1_10' title="bbox 201 2451 1584 2698">
    <p class='ocr_par' dir='ltr' id='par_1_10' title="bbox 201 2451 1584 2698">
     <span class='ocr_line' id='line_1_15' title="bbox 307 2451 1584 2572; baseline 0.001 -21"><span class='ocrx_word' id='word_1_78' title='bbox 307 2472 540 2551; x_wconf 84' lang='lat' dir='ltr'><strong>Aroanorum</strong></span> <span class='ocrx_word' id='word_1_79' title='bbox 566 2471 726 2572; x_wconf 80' lang='lat' dir='ltr'><strong>gestatio</strong></span> <span class='ocrx_word' id='word_1_80' title='bbox 755 2480 812 2546; x_wconf 89' lang='lat' dir='ltr'><strong><em>est</em></strong></span> <span class='ocrx_word' id='word_1_81' title='bbox 827 2451 978 2546; x_wconf 34' lang='lat' dir='ltr'><strong>&#39;festum</strong></span> <span class='ocrx_word' id='word_1_82' title='bbox 1006 2467 1236 2545; x_wconf 82' lang='lat' dir='ltr'><strong>celebratum</strong></span> <span class='ocrx_word' id='word_1_83' title='bbox 1258 2469 1296 2546; x_wconf 94' lang='lat' dir='ltr'><strong><em>in</em></strong></span> <span class='ocrx_word' id='word_1_84' title='bbox 1316 2471 1498 2549; x_wconf 86' lang='lat' dir='ltr'><strong>honorem</strong></span> <span class='ocrx_word' id='word_1_85' title='bbox 1514 2472 1584 2553; x_wconf 76' lang='lat' dir='ltr'><strong><em>ffi-</em></strong></span> 
     </span>
     <span class='ocr_line' id='line_1_16' title="bbox 201 2595 803 2698; baseline -0.012 -20"><span class='ocrx_word' id='word_1_86' title='bbox 201 2626 338 2678; x_wconf 84' lang='lat' dir='ltr'><strong>nervse</strong></span> <span class='ocrx_word' id='word_1_87' title='bbox 356 2625 483 2677; x_wconf 84' lang='lat' dir='ltr'><strong>mense</strong></span> <span class='ocrx_word' id='word_1_88' title='bbox 504 2595 803 2698; x_wconf 82' lang='lat' dir='ltr'><strong>Scirophorione.</strong></span> 
     </span>
    </p>
   </div>
   <div class='ocr_carea' id='block_1_11' title="bbox 204 2736 1587 3345">
    <p class='ocr_par' dir='ltr' id='par_1_11' title="bbox 855 2736 943 2812">
     <span class='ocr_line' id='line_1_17' title="bbox 855 2736 943 2812; baseline 0.011 -1"><span class='ocrx_word' id='word_1_89' title='bbox 855 2736 943 2812; x_wconf 75' lang='lat'><strong><em>52⁴.</em></strong></span> 
     </span>
    </p>

    <p class='ocr_par' dir='ltr' id='par_1_12' title="bbox 204 2851 1587 3345">
     <span class='ocr_line' id='line_1_18' title="bbox 314 2851 1585 2962; baseline -0.003 -21"><span class='ocrx_word' id='word_1_90' title='bbox 314 2862 583 2962; x_wconf 80' lang='grc' dir='ltr'><strong><em>Τέσσαρεςμὲν</em></strong></span> <span class='ocrx_word' id='word_1_91' title='bbox 605 2855 928 2958; x_wconf 78' lang='grc' dir='ltr'><strong><em>χειροτονοῦνται</em></strong></span> <span class='ocrx_word' id='word_1_92' title='bbox 957 2853 1005 2931; x_wconf 92' lang='grc' dir='ltr'><strong><em>δι’</em></strong></span> <span class='ocrx_word' id='word_1_93' title='bbox 1034 2851 1233 2961; x_wconf 75' lang='grc' dir='ltr'><strong><em>εὐγένειαν</em></strong></span> <span class='ocrx_word' id='word_1_94' title='bbox 1254 2851 1585 2961; x_wconf 82' lang='grc' dir='ltr'><strong><em>’Λρρηφόροι,</em></strong></span> 
     </span>
     <span class='ocr_line' id='line_1_19' title="bbox 205 2975 1587 3090; baseline -0.003 -24"><span class='ocrx_word' id='word_1_95' title='bbox 205 2989 275 3068; x_wconf 86' lang='grc' dir='ltr'><strong><em>δύο</em></strong></span> <span class='ocrx_word' id='word_1_96' title='bbox 298 2986 336 3066; x_wconf 78' lang='grc' dir='ltr'><strong><em>δι’</em></strong></span> <span class='ocrx_word' id='word_1_97' title='bbox 356 2993 580 3090; x_wconf 75' lang='grc' dir='ltr'><strong><em>κρίνονται,</em></strong></span> <span class='ocrx_word' id='word_1_98' title='bbox 610 2986 656 3060; x_wconf 74' lang='grc' dir='ltr'><strong><em>αἳ</em></strong></span> <span class='ocrx_word' id='word_1_99' title='bbox 680 2983 744 3075; x_wconf 77' lang='grc' dir='ltr'><strong><em>τῆς</em></strong></span> <span class='ocrx_word' id='word_1_100' title='bbox 767 2975 871 3080; x_wconf 74' lang='grc' dir='ltr'><strong><em>ὑφῆς</em></strong></span> <span class='ocrx_word' id='word_1_101' title='bbox 889 2980 961 3060; x_wconf 81' lang='grc' dir='ltr'><strong><em>τοῦ</em></strong></span> <span class='ocrx_word' id='word_1_102' title='bbox 973 2987 1126 3059; x_wconf 87' lang='grc' dir='ltr'><strong><em>πέπλου</em></strong></span> <span class='ocrx_word' id='word_1_103' title='bbox 1146 2977 1309 3082; x_wconf 73' lang='grc' dir='ltr'><strong><em>ἄρχουσι</em></strong></span> <span class='ocrx_word' id='word_1_104' title='bbox 1328 2991 1397 3061; x_wconf 81' lang='grc' dir='ltr'><strong><em>καί</em></strong></span> <span class='ocrx_word' id='word_1_105' title='bbox 1415 2986 1496 3066; x_wconf 79' lang='grc' dir='ltr'><strong><em>τῶν</em></strong></span> <span class='ocrx_word' id='word_1_106' title='bbox 1513 2979 1587 3063; x_wconf 78' lang='grc' dir='ltr'><strong><em>ἅλ-</em></strong></span> 
     </span>
     <span class='ocr_line' id='line_1_20' title="bbox 204 3106 1587 3211; baseline -0.002 -20"><span class='ocrx_word' id='word_1_107' title='bbox 204 3122 282 3191; x_wconf 90' lang='grc' dir='ltr'><strong><em>λων</em></strong></span> <span class='ocrx_word' id='word_1_108' title='bbox 310 3113 387 3188; x_wconf 85' lang='grc' dir='ltr'><strong><em>τῶν</em></strong></span> <span class='ocrx_word' id='word_1_109' title='bbox 406 3117 489 3211; x_wconf 86' lang='grc' dir='ltr'><strong><em>περί</em></strong></span> <span class='ocrx_word' id='word_1_110' title='bbox 510 3108 644 3187; x_wconf 81' lang='grc' dir='ltr'><strong><em>αὐτόν.</em></strong></span> <span class='ocrx_word' id='word_1_111' title='bbox 683 3107 839 3201; x_wconf 74' lang='grc' dir='ltr'><strong><em>Λευκὴν</em></strong></span> <span class='ocrx_word' id='word_1_112' title='bbox 867 3106 902 3184; x_wconf 88' lang='grc' dir='ltr'><strong><em>δ’</em></strong></span> <span class='ocrx_word' id='word_1_113' title='bbox 920 3112 1065 3201; x_wconf 79' lang='grc' dir='ltr'><strong><em>ἐσθῆτα</em></strong></span> <span class='ocrx_word' id='word_1_114' title='bbox 1094 3112 1273 3208; x_wconf 80' lang='grc' dir='ltr'><strong><em>φοροῦσι.</em></strong></span> <span class='ocrx_word' id='word_1_115' title='bbox 1312 3116 1363 3186; x_wconf 84' lang='grc' dir='ltr'><strong><em>Εἰ</em></strong></span> <span class='ocrx_word' id='word_1_116' title='bbox 1388 3110 1427 3188; x_wconf 85' lang='grc' dir='ltr'><strong><em>δέ</em></strong></span> <span class='ocrx_word' id='word_1_117' title='bbox 1441 3120 1587 3211; x_wconf 75' lang='grc' dir='ltr'><strong><em>χρυσία</em></strong></span> 
     </span>
     <span class='ocr_line' id='line_1_21' title="bbox 205 3235 1481 3345; baseline 0.002 -29"><span class='ocrx_word' id='word_1_118' title='bbox 205 3245 485 3343; x_wconf 77' lang='grc' dir='ltr'><strong><em>περιτίθενται,</em></strong></span> <span class='ocrx_word' id='word_1_119' title='bbox 516 3235 595 3339; x_wconf 78' lang='grc' dir='ltr'><strong><em>ἱεροί</em></strong></span> <span class='ocrx_word' id='word_1_120' title='bbox 616 3235 738 3313; x_wconf 81' lang='grc' dir='ltr'><strong><em>ταῦτα</em></strong></span> <span class='ocrx_word' id='word_1_121' title='bbox 757 3241 916 3341; x_wconf 76' lang='grc' dir='ltr'><strong><em>γίνεται.</em></strong></span> <span class='ocrx_word' id='word_1_122' title='bbox 1181 3241 1481 3345; x_wconf 79' lang='lat' dir='ltr'><strong>(HarpocratiO.)</strong></span> 
     </span>
    </p>
   </div>
   <div class='ocr_carea' id='block_1_12' title="bbox 205 3399 1589 4010">
    <p class='ocr_par' dir='ltr' id='par_1_13' title="bbox 854 3399 942 3475">
     <span class='ocr_line' id='line_1_22' title="bbox 854 3399 942 3475; baseline 0.023 -2"><span class='ocrx_word' id='word_1_123' title='bbox 854 3399 942 3475; x_wconf 85' lang='grc'><strong>524.</strong></span> 
     </span>
    </p>

    <p class='ocr_par' dir='ltr' id='par_1_14' title="bbox 205 3523 1589 4010">
     <span class='ocr_line' id='line_1_23' title="bbox 313 3523 1589 3626; baseline 0.001 -24"><span class='ocrx_word' id='word_1_124' title='bbox 313 3529 482 3622; x_wconf 83' lang='lat' dir='ltr'><strong>Quatuor</strong></span> <span class='ocrx_word' id='word_1_125' title='bbox 510 3523 673 3624; x_wconf 80' lang='lat' dir='ltr'><strong>virgines</strong></span> <span class='ocrx_word' id='word_1_126' title='bbox 701 3523 896 3602; x_wconf 81' lang='lat' dir='ltr'><strong>Cistiferae</strong></span> <span class='ocrx_word' id='word_1_127' title='bbox 923 3549 1063 3623; x_wconf 82' lang='lat' dir='ltr'><strong>genere</strong></span> <span class='ocrx_word' id='word_1_128' title='bbox 1090 3524 1227 3617; x_wconf 85' lang='lat' dir='ltr'><strong>nobili,</strong></span> <span class='ocrx_word' id='word_1_129' title='bbox 1260 3525 1522 3626; x_wconf 83' lang='lat' dir='ltr'><strong>designantur,</strong></span> <span class='ocrx_word' id='word_1_130' title='bbox 1551 3539 1589 3605; x_wconf 84' lang='lat' dir='ltr'><strong><em>st</em></strong></span> 
     </span>
     <span class='ocr_line' id='line_1_24' title="bbox 205 3649 1586 3755; baseline -0.004 -22"><span class='ocrx_word' id='word_1_131' title='bbox 205 3657 316 3733; x_wconf 81' lang='lat' dir='ltr'><strong>binae</strong></span> <span class='ocrx_word' id='word_1_132' title='bbox 337 3653 547 3751; x_wconf 85' lang='lat' dir='ltr'><strong>eliguntur,</strong></span> <span class='ocrx_word' id='word_1_133' title='bbox 575 3677 670 3750; x_wconf 82' lang='lat' dir='ltr'><strong>quae</strong></span> <span class='ocrx_word' id='word_1_134' title='bbox 698 3662 865 3729; x_wconf 84' lang='lat' dir='ltr'><strong>texturae</strong></span> <span class='ocrx_word' id='word_1_135' title='bbox 897 3651 998 3751; x_wconf 87' lang='lat' dir='ltr'><strong>pepli</strong></span> <span class='ocrx_word' id='word_1_136' title='bbox 1026 3649 1180 3748; x_wconf 85' lang='lat' dir='ltr'><strong>aliisque</strong></span> <span class='ocrx_word' id='word_1_137' title='bbox 1199 3650 1379 3729; x_wconf 82' lang='lat' dir='ltr'><strong>rebusad</strong></span> <span class='ocrx_word' id='word_1_138' title='bbox 1398 3679 1586 3755; x_wconf 88' lang='lat' dir='ltr'><strong>eumspe-</strong></span> 
     </span>
     <span class='ocr_line' id='line_1_25' title="bbox 207 3774 1589 3881; baseline -0.001 -25"><span class='ocrx_word' id='word_1_139' title='bbox 207 3781 395 3857; x_wconf 78' lang='lat' dir='ltr'><strong>utentibus</strong></span> <span class='ocrx_word' id='word_1_140' title='bbox 414 3778 590 3881; x_wconf 82' lang='lat' dir='ltr'><strong>praesint.</strong></span> <span class='ocrx_word' id='word_1_141' title='bbox 625 3775 780 3853; x_wconf 86' lang='lat' dir='ltr'><strong>Vestem</strong></span> <span class='ocrx_word' id='word_1_142' title='bbox 797 3786 948 3874; x_wconf 84' lang='lat' dir='ltr'><strong>gestant</strong></span> <span class='ocrx_word' id='word_1_143' title='bbox 967 3774 1184 3852; x_wconf 81' lang='lat' dir='ltr'><strong>candidam:</strong></span> <span class='ocrx_word' id='word_1_144' title='bbox 1205 3786 1243 3852; x_wconf 88' lang='lat' dir='ltr'><strong><em>et</em></strong></span> <span class='ocrx_word' id='word_1_145' title='bbox 1260 3778 1292 3852; x_wconf 87' lang='lat' dir='ltr'><strong><em>si</em></strong></span> <span class='ocrx_word' id='word_1_146' title='bbox 1311 3803 1465 3855; x_wconf 82' lang='lat' dir='ltr'><strong>aureum</strong></span> <span class='ocrx_word' id='word_1_147' title='bbox 1484 3805 1589 3855; x_wconf 89' lang='lat' dir='ltr'><strong>mun·</strong></span> 
     </span>
     <span class='ocr_line' id='line_1_26' title="bbox 208 3900 1021 4010; baseline -0.009 -30"><span class='ocrx_word' id='word_1_148' title='bbox 208 3905 295 3983; x_wconf 89' lang='lat' dir='ltr'><strong><em>dum</em></strong></span> <span class='ocrx_word' id='word_1_149' title='bbox 314 3902 645 4006; x_wconf 73' lang='lat' dir='ltr'><strong>circumposuerint</strong></span> <span class='ocrx_word' id='word_1_150' title='bbox 664 3900 753 3996; x_wconf 86' lang='lat' dir='ltr'><strong>sibi,</strong></span> <span class='ocrx_word' id='word_1_151' title='bbox 773 3902 804 3976; x_wconf 92' lang='lat' dir='ltr'><strong><em>is</em></strong></span> <span class='ocrx_word' id='word_1_152' title='bbox 822 3926 929 4010; x_wconf 73' lang='lat' dir='ltr'><strong>sacer</strong></span> <span class='ocrx_word' id='word_1_153' title='bbox 947 3901 1021 3981; x_wconf 76' lang='lat' dir='ltr'><strong>fiet.</strong></span> 
     </span>
    </p>
   </div>
   <div class='ocr_carea' id='block_1_13' title="bbox 181 4061 1591 4668">
    <p class='ocr_par' dir='ltr' id='par_1_15' title="bbox 860 4061 947 4137">
     <span class='ocr_line' id='line_1_27' title="bbox 860 4061 947 4137; baseline 0.011 -1"><span class='ocrx_word' id='word_1_154' title='bbox 860 4061 947 4137; x_wconf 66' lang='lat'><strong>525.</strong></span> 
     </span>
    </p>

    <p class='ocr_par' dir='ltr' id='par_1_16' title="bbox 181 4181 1591 4668">
     <span class='ocr_line' id='line_1_28' title="bbox 318 4181 1588 4287; baseline 0.001 -26"><span class='ocrx_word' id='word_1_155' title='bbox 318 4193 520 4285; x_wconf 87' lang='grc' dir='ltr'><strong><em>Παρθένοι</em></strong></span> <span class='ocrx_word' id='word_1_156' title='bbox 551 4183 622 4261; x_wconf 83' lang='grc' dir='ltr'><strong><em>δύο</em></strong></span> <span class='ocrx_word' id='word_1_157' title='bbox 641 4183 713 4261; x_wconf 78' lang='grc' dir='ltr'><strong><em>τοῦ</em></strong></span> <span class='ocrx_word' id='word_1_158' title='bbox 733 4182 833 4260; x_wconf 85' lang='grc' dir='ltr'><strong><em>ναοῦ</em></strong></span> <span class='ocrx_word' id='word_1_159' title='bbox 854 4184 916 4274; x_wconf 81' lang='grc' dir='ltr'><strong><em>τῆς</em></strong></span> <span class='ocrx_word' id='word_1_160' title='bbox 940 4181 1135 4271; x_wconf 80' lang='grc' dir='ltr'><strong><em>Πολιάδος</em></strong></span> <span class='ocrx_word' id='word_1_161' title='bbox 1163 4181 1346 4262; x_wconf 74' lang='grc' dir='ltr'><strong><em>οἰκοῦσιν</em></strong></span> <span class='ocrx_word' id='word_1_162' title='bbox 1374 4185 1421 4263; x_wconf 82' lang='grc' dir='ltr'><strong><em>οὐ</em></strong></span> <span class='ocrx_word' id='word_1_163' title='bbox 1442 4183 1588 4287; x_wconf 83' lang='grc' dir='ltr'><strong><em>πόρρω,</em></strong></span> 
     </span>
     <span class='ocr_line' id='line_1_29' title="bbox 209 4298 1589 4412; baseline -0.001 -23"><span class='ocrx_word' id='word_1_164' title='bbox 209 4314 425 4389; x_wconf 80' lang='grc' dir='ltr'><strong><em>καλοῦνται</em></strong></span> <span class='ocrx_word' id='word_1_165' title='bbox 445 4311 483 4387; x_wconf 80' lang='grc' dir='ltr'><strong><em>δέ</em></strong></span> <span class='ocrx_word' id='word_1_166' title='bbox 509 4309 763 4412; x_wconf 85' lang='grc' dir='ltr'><strong><em>Ἀρρηφόροι·</em></strong></span> <span class='ocrx_word' id='word_1_167' title='bbox 790 4298 905 4384; x_wconf 82' lang='grc' dir='ltr'><strong><em>αὗται</em></strong></span> <span class='ocrx_word' id='word_1_168' title='bbox 920 4309 1073 4409; x_wconf 80' lang='grc' dir='ltr'><strong><em>χρόνον</em></strong></span> <span class='ocrx_word' id='word_1_169' title='bbox 1086 4318 1161 4408; x_wconf 88' lang='grc' dir='ltr'><strong><em>μέν</em></strong></span> <span class='ocrx_word' id='word_1_170' title='bbox 1178 4341 1265 4386; x_wconf 91' lang='grc' dir='ltr'><strong><em>τινα</em></strong></span> <span class='ocrx_word' id='word_1_171' title='bbox 1285 4311 1440 4389; x_wconf 86' lang='grc' dir='ltr'><strong><em>δίαιταν</em></strong></span> <span class='ocrx_word' id='word_1_172' title='bbox 1459 4316 1589 4409; x_wconf 68' lang='grc' dir='ltr'><strong><em>έχουσι</em></strong></span> 
     </span>
     <span class='ocr_line' id='line_1_30' title="bbox 210 4435 1589 4542; baseline -0.001 -27"><span class='ocrx_word' id='word_1_173' title='bbox 210 4437 310 4538; x_wconf 80' lang='grc' dir='ltr'><strong><em>παρὰ</em></strong></span> <span class='ocrx_word' id='word_1_174' title='bbox 339 4438 383 4535; x_wconf 78' lang='grc' dir='ltr'><strong><em>τῇ</em></strong></span> <span class='ocrx_word' id='word_1_175' title='bbox 414 4442 515 4536; x_wconf 75' lang='grc' dir='ltr'><strong><em>θεῷ,</em></strong></span> <span class='ocrx_word' id='word_1_176' title='bbox 546 4443 850 4542; x_wconf 76' lang='grc' dir='ltr'><strong><em>παραγενομένης</em></strong></span> <span class='ocrx_word' id='word_1_177' title='bbox 881 4435 919 4511; x_wconf 87' lang='grc' dir='ltr'><strong><em>δὲ</em></strong></span> <span class='ocrx_word' id='word_1_178' title='bbox 956 4437 1021 4528; x_wconf 73' lang='grc' dir='ltr'><strong><em>τῆς</em></strong></span> <span class='ocrx_word' id='word_1_179' title='bbox 1059 4437 1185 4535; x_wconf 76' lang='grc' dir='ltr'><strong><em>ἑορτῆς</em></strong></span> <span class='ocrx_word' id='word_1_180' title='bbox 1223 4437 1363 4536; x_wconf 83' lang='grc' dir='ltr'><strong><em>δρώσιν</em></strong></span> <span class='ocrx_word' id='word_1_181' title='bbox 1398 4448 1441 4515; x_wconf 77' lang='grc' dir='ltr'><strong><em>έν</em></strong></span> <span class='ocrx_word' id='word_1_182' title='bbox 1480 4446 1589 4516; x_wconf 86' lang='grc' dir='ltr'><strong><em>νυκτί</em></strong></span> 
     </span>
     <span class='ocr_line' id='line_1_31' title="bbox 181 4556 1591 4668; baseline -0.003 -25"><span class='ocrx_word' id='word_1_183' title='bbox 181 4619 195 4643; x_wconf 87' lang='grc'><strong>.</strong></span> <span class='ocrx_word' id='word_1_184' title='bbox 209 4562 357 4668; x_wconf 73' lang='grc' dir='ltr'><strong><em>τοιοίδε·</em></strong></span> <span class='ocrx_word' id='word_1_185' title='bbox 378 4561 585 4638; x_wconf 83' lang='grc' dir='ltr'><strong><em>ἀναθεῖσαί</em></strong></span> <span class='ocrx_word' id='word_1_186' title='bbox 606 4589 738 4658; x_wconf 84' lang='grc' dir='ltr'><strong><em>σφισιν</em></strong></span> <span class='ocrx_word' id='word_1_187' title='bbox 757 4568 817 4637; x_wconf 76' lang='grc' dir='ltr'><strong><em>ἐπὶ</em></strong></span> <span class='ocrx_word' id='word_1_188' title='bbox 836 4560 907 4667; x_wconf 74' lang='grc' dir='ltr'><strong><em>τοῖς</em></strong></span> <span class='ocrx_word' id='word_1_189' title='bbox 922 4560 1096 4658; x_wconf 74' lang='grc' dir='ltr'><strong><em>κεφαλὰς</em></strong></span> <span class='ocrx_word' id='word_1_190' title='bbox 1115 4558 1141 4637; x_wconf 63' lang='grc' dir='ltr'><strong><em>δι’</em></strong></span> <span class='ocrx_word' id='word_1_191' title='bbox 1161 4556 1181 4655; x_wconf 73' lang='grc' dir='ltr'><strong><em>ᾖ</em></strong></span> <span class='ocrx_word' id='word_1_192' title='bbox 1203 4563 1266 4655; x_wconf 78' lang='grc' dir='ltr'><strong><em>τῆς</em></strong></span> <span class='ocrx_word' id='word_1_193' title='bbox 1287 4561 1462 4657; x_wconf 75' lang='grc' dir='ltr'><strong><em>Ἀθηνᾶς</em></strong></span> <span class='ocrx_word' id='word_1_194' title='bbox 1481 4569 1591 4663; x_wconf 76' lang='grc' dir='ltr'><strong><em>ἱέρεια</em></strong></span> 
     </span>
    </p>
   </div>
   <div class='ocr_carea' id='block_1_14' title="bbox 212 4675 1594 4793">
    <p class='ocr_par' dir='ltr' id='par_1_17' title="bbox 212 4675 1594 4793">
     <span class='ocr_line' id='line_1_32' title="bbox 212 4675 1594 4793; baseline 0 -27"><span class='ocrx_word' id='word_1_195' title='bbox 212 4675 343 4793; x_wconf 81' lang='grc' dir='ltr'><strong><em>δίδωσι</em></strong></span> <span class='ocrx_word' id='word_1_196' title='bbox 371 4695 516 4789; x_wconf 86' lang='grc' dir='ltr'><strong><em>φέρειν,</em></strong></span> <span class='ocrx_word' id='word_1_197' title='bbox 547 4681 638 4767; x_wconf 69' lang='grc' dir='ltr'><strong><em>οὔτε</em></strong></span> <span class='ocrx_word' id='word_1_198' title='bbox 667 4684 688 4785; x_wconf 76' lang='grc' dir='ltr'>ἡ</span> <span class='ocrx_word' id='word_1_199' title='bbox 720 4688 881 4766; x_wconf 82' lang='grc' dir='ltr'><strong><em>διδοῦσα</em></strong></span> <span class='ocrx_word' id='word_1_200' title='bbox 910 4680 1050 4765; x_wconf 83' lang='grc' dir='ltr'><strong><em>ὁποῖόν</em></strong></span> <span class='ocrx_word' id='word_1_201' title='bbox 1077 4720 1111 4763; x_wconf 91' lang='grc' dir='ltr'><strong><em>τι</em></strong></span> <span class='ocrx_word' id='word_1_202' title='bbox 1142 4687 1473 4781; x_wconf 78' lang='grc' dir='ltr'><strong><em>δίδωσινείδυῖα,</em></strong></span> <span class='ocrx_word' id='word_1_203' title='bbox 1503 4685 1594 4768; x_wconf 75' lang='grc' dir='ltr'><strong><em>οὔτε</em></strong></span> 
     </span>
    </p>
   </div>
   <div class='ocr_carea' id='block_1_15' title="bbox 211 4807 1593 5170">
    <p class='ocr_par' dir='ltr' id='par_1_18' title="bbox 211 4807 1593 5170">
     <span class='ocr_line' id='line_1_33' title="bbox 211 4807 1593 4913; baseline -0.001 -21"><span class='ocrx_word' id='word_1_204' title='bbox 211 4827 292 4904; x_wconf 87' lang='grc' dir='ltr'><strong><em>ταῖς</em></strong></span> <span class='ocrx_word' id='word_1_205' title='bbox 311 4812 515 4913; x_wconf 82' lang='grc' dir='ltr'><strong><em>φερούσαις</em></strong></span> <span class='ocrx_word' id='word_1_206' title='bbox 534 4823 807 4913; x_wconf 80' lang='grc' dir='ltr'><strong><em>έπισταμέναις.</em></strong></span> <span class='ocrx_word' id='word_1_207' title='bbox 835 4807 947 4889; x_wconf 72' lang='grc' dir='ltr'><strong><em>Ἔστι</em></strong></span> <span class='ocrx_word' id='word_1_208' title='bbox 977 4813 1013 4890; x_wconf 82' lang='grc' dir='ltr'><strong><em>δέ</em></strong></span> <span class='ocrx_word' id='word_1_209' title='bbox 1045 4816 1245 4911; x_wconf 81' lang='grc' dir='ltr'><strong><em>περίβολος</em></strong></span> <span class='ocrx_word' id='word_1_210' title='bbox 1276 4822 1319 4889; x_wconf 77' lang='grc' dir='ltr'><strong><em>έν</em></strong></span> <span class='ocrx_word' id='word_1_211' title='bbox 1336 4815 1383 4911; x_wconf 73' lang='grc' dir='ltr'><strong><em>τῇ</em></strong></span> <span class='ocrx_word' id='word_1_212' title='bbox 1404 4811 1511 4894; x_wconf 88' lang='grc' dir='ltr'><strong><em>πόλει</em></strong></span> <span class='ocrx_word' id='word_1_213' title='bbox 1530 4817 1593 4909; x_wconf 74' lang='grc' dir='ltr'><strong><em>τῆς</em></strong></span> 
     </span>
     <span class='ocr_line' id='line_1_34' title="bbox 211 4935 1592 5045; baseline 0 -30"><span class='ocrx_word' id='word_1_214' title='bbox 211 4947 447 5045; x_wconf 77' lang='grc' dir='ltr'><strong><em>καλουμένης</em></strong></span> <span class='ocrx_word' id='word_1_215' title='bbox 467 4949 509 5016; x_wconf 80' lang='grc' dir='ltr'><strong><em>ἐν</em></strong></span> <span class='ocrx_word' id='word_1_216' title='bbox 529 4941 671 5031; x_wconf 75' lang='grc' dir='ltr'><strong><em>Κήποις</em></strong></span> <span class='ocrx_word' id='word_1_217' title='bbox 694 4939 927 5041; x_wconf 81' lang='grc' dir='ltr'><strong><em>Ἀφροδίτης</em></strong></span> <span class='ocrx_word' id='word_1_218' title='bbox 947 4935 994 5014; x_wconf 79' lang='grc' dir='ltr'><strong><em>οὐ</em></strong></span> <span class='ocrx_word' id='word_1_219' title='bbox 1018 4937 1164 5037; x_wconf 86' lang='grc' dir='ltr'><strong><em>πόρρω,</em></strong></span> <span class='ocrx_word' id='word_1_220' title='bbox 1195 4945 1264 5014; x_wconf 85' lang='grc' dir='ltr'><strong><em>καί</em></strong></span> <span class='ocrx_word' id='word_1_221' title='bbox 1293 4938 1341 5012; x_wconf 87' lang='grc' dir='ltr'><strong><em>δι’</em></strong></span> <span class='ocrx_word' id='word_1_222' title='bbox 1363 4937 1488 5017; x_wconf 76' lang='grc' dir='ltr'><strong><em>αὐτοῦ</em></strong></span> <span class='ocrx_word' id='word_1_223' title='bbox 1518 4942 1592 5016; x_wconf 86' lang='grc' dir='ltr'><strong><em>κά-</em></strong></span> 
     </span>
     <span class='ocr_line' id='line_1_35' title="bbox 214 5056 1593 5170; baseline 0.003 -34"><span class='ocrx_word' id='word_1_224' title='bbox 214 5066 333 5154; x_wconf 84' lang='grc' dir='ltr'><strong><em>θοδος</em></strong></span> <span class='ocrx_word' id='word_1_225' title='bbox 353 5056 540 5170; x_wconf 63' lang='grc' dir='ltr'><strong><em>ὑπόγαιος</em></strong></span> <span class='ocrx_word' id='word_1_226' title='bbox 568 5061 773 5163; x_wconf 77' lang='grc' dir='ltr'><strong><em>αὐτομάτη.</em></strong></span> <span class='ocrx_word' id='word_1_227' title='bbox 816 5062 945 5160; x_wconf 79' lang='grc' dir='ltr'><strong><em>Ταύτῃ</em></strong></span> <span class='ocrx_word' id='word_1_228' title='bbox 974 5071 1157 5139; x_wconf 83' lang='grc' dir='ltr'><strong><em>κατίασιν</em></strong></span> <span class='ocrx_word' id='word_1_229' title='bbox 1186 5068 1224 5139; x_wconf 80' lang='grc' dir='ltr'><strong><em>αἱ</em></strong></span> <span class='ocrx_word' id='word_1_230' title='bbox 1253 5071 1460 5164; x_wconf 87' lang='grc' dir='ltr'><strong><em>παρθένοι·</em></strong></span> <span class='ocrx_word' id='word_1_231' title='bbox 1490 5067 1593 5142; x_wconf 85' lang='grc' dir='ltr'><strong><em>κάτω</em></strong></span> 
     </span>
    </p>
   </div>
   <div class='ocr_carea' id='block_1_16' title="bbox 0 0 1729 5782">
    <p class='ocr_par' dir='ltr' id='par_1_19' title="bbox 0 0 1729 5782">
     <span class='ocr_line' id='line_1_36' title="bbox 0 0 1729 5782; baseline 0 0"><span class='ocrx_word' id='word_1_232' title='bbox 0 0 1729 5782; x_wconf 95' lang='lat' dir='ltr'><strong><em> </em></strong></span> 
     </span>
    </p>
   </div>
  </div>
 </body>
</html>
