3404 5782
512 341 821 396 conscensuros
840 347 893 394 so
912 345 975 399 oco,
995 344 1060 399 ero.
1079 344 1143 402 ιιι.
1162 347 1226 403 ses.
1481 330 1559 407 5⁰3

172 535 280 610 etiem
308 535 361 611 uti
392 533 498 631 licet,
526 534 658 634 quibus
685 533 892 614 intenditur
917 537 1058 616 crimen
1087 539 1256 644 aliquod,
1286 542 1332 622 de
1360 572 1433 646 quo
1460 545 1560 629 ntdla

169 658 230 738 lex
248 659 325 745 lete
343 661 399 738 sit

755 764 831 847 Ad
851 766 967 852 000.

280 923 335 1002 Τό
364 925 547 1029 δημόσιον
573 923 738 1005 ἀπέδοτο
763 933 817 1009 ita
845 936 1009 1037 explicat
1036 936 1234 1016 Platnerus
1261 940 1499 1034 (Prooess
1526 947 1555 1024 L

168 1080 204 1152 p.
225 1053 346 1151 teo:
375 1057 473 1157 quod
493 1059 606 1135 fiscus
624 1058 770 1135 cuidam
789 1061 947 1155 remisit,
977 1062 1079 1140 dedit
1096 1075 1161 1141 aut
1180 1064 1357 1142 vendidit

275 1197 443 1274 Platonis
472 1197 574 1276 Crito
606 1202 667 1294 50,
696 1201 746 1276 B:
775 1196 898 1273 πολλοὶ
927 1198 1001 1303 γάρ
1029 1194 1083 1277 όίν
1109 1232 1165 1290 τις
1192 1204 1278 1299 ἔχοι
1306 1208 1428 1283 εἰπεῖν
1455 1201 1571 1310 dulps

168 1319 310 1396 τούτου
329 1320 403 1397 τοῦ
421 1318 565 1419 νόμου,
596 1314 637 1409 ὃς
665 1318 732 1408 τοὶς
752 1320 865 1411 δίκας
883 1321 949 1411 τοῖς
969 1322 1220 1415 δικαοθοίσας
1238 1328 1457 1428 προςιοίπει
1476 1363 1568 1410 xvc

167 1449 251 1541 ρίας
269 1443 378 1526 εἶναι.
418 1449 558 1543 (Multa
587 1452 687 1526 enim
715 1452 797 1551 quis
825 1452 943 1554 possit
969 1455 1104 1532 afferre
1135 1483 1202 1558 pro
1231 1457 1425 1560 legebas,
1456 1489 1551 1563 quae

166 1577 369 1653 sententias
382 1575 522 1677 judicio
541 1578 636 1653 latas
649 1577 760 1678 jubet
780 1588 880 1654 rates
900 1581 1013 1671 esse.)

272 1722 318 1796 In
344 1722 428 1822 jure
455 1719 625 1796 Romano
654 1722 928 1822 peremptoriae
957 1725 1196 1824 exceptiones
1215 1737 1321 1822 sunt,
1351 1754 1446 1828 quae
1465 1755 1565 1834 per-2

163 1857 278 1945 petuo
297 1846 444 1936 valent,
474 1848 577 1923 velut
605 1847 704 1947 qnod
734 1857 854 1924 metus
882 1874 996 1926 causa
1023 1861 1088 1926 aut
1116 1849 1201 1928 dolo
1221 1851 1340 1946 malo,
1370 1865 1435 1932 eut
1452 1856 1564 1957 qnod,

164 1982 339 2047 eontra
362 1973 522 2072 legem
541 1984 739 2049 senetusve
759 1971 968 2049 consultum
987 1974 1126 2051 factum
1145 1987 1220 2066 est,
1240 1986 1305 2055 out
1323 1979 1449 2078 quod
1472 1988 1573 2069 ress

156 2095 390 2196 judicata
418 2108 512 2192 est,
549 2097 663 2172 item
702 2098 836 2199 pacti
873 2101 1120 2176 conventi.
1159 2099 1321 2202 (Gaji
1356 2105 1549 2185 Instit.

161 2218 227 2314 IV,
255 2221 363 2313 121.)

268 2348 368 2426 Olim
388 2376 461 2451 qua
479 2348 525 2426 de
546 2375 584 2424 re
604 2359 729 2424 actum
749 2350 863 2425 semel
882 2361 977 2446 eret,
1007 2349 1051 2425 de
1071 2377 1115 2429 ea
1133 2363 1265 2452 posteo
1283 2353 1367 2455 ipso
1380 2355 1466 2457 jure
1486 2360 1549 2458 agi
1675 2435 1677 2440 .

161 2499 236 2549 non
257 2485 412 2575 poterat.
441 2476 479 2570 (Ι
488 2474 522 2551 d.
543 2473 609 2570 IV,
632 2473 739 2567 108.)

746 2627 822 2713 Ad
841 2631 958 2713 070.

267 2795 446 2875 Andocid.
477 2795 522 2873 de
551 2807 701 2898 myster.
730 2791 765 2897 ξ.
787 2796 859 2871 87:
892 2791 969 2882 Τοῖς
997 2792 1037 2870 δὲ
1066 2794 1178 2883 δίκας
1206 2802 1278 2871 καί
1305 2793 1372 2883 τὰς
1396 2797 1547 2890 διαίτας

159 2925 295 3017 κυρίας
314 2917 428 3008 εἶναι,
459 2911 600 2994 ὁπόσαι
619 2925 663 2994 ir
682 2916 1024 3017 δημοκρατουμένῃ
1042 2920 1090 3016 τῇ
1108 2920 1213 2997 πόλει
1233 2928 1425 3025 ἐγίνοντο.
1455 2930 1545 3022 (Ju-

158 3050 255 3123 dicia
273 3060 310 3122 et
328 3048 479 3124 arbitria
498 3058 578 3124 rata
598 3055 727 3142 sunto,
758 3072 1003 3148 quaecunque
1031 3048 1069 3123 in
1096 3048 1249 3127 civitate
1273 3051 1350 3129 fate
1370 3064 1457 3132 sunt
1476 3054 1544 3133 sub

157 3175 273 3251 libero
294 3175 423 3277 populi
442 3172 633 3274 imperio)

743 3309 820 3393 Ad
840 3313 956 3394 0⁷2.

265 3478 368 3554 Libn·
387 3477 548 3554 habent:
582 3482 671 3564 Τοῖς
691 3481 772 3574 περί
792 3475 870 3550 τῶν
889 3481 1127 3579 γενομένων,
1158 3480 1295 3557 omissa
1319 3494 1407 3561 ante
1427 3509 1542 3584 γονο-

152 3605 281 3699 μένων
301 3602 501 3701 negatione
516 3596 598 3697 μή,
628 3605 726 3704 qnod
746 3603 832 3682 ferri
862 3629 936 3677 non
965 3614 1110 3703 potest3
1138 3630 1222 3680 reus
1249 3607 1368 3698 enim,
1398 3609 1461 3706 qui
1480 3636 1542 3685 cx·

157 3730 329 3830 ceptione
349 3729 481 3815 utitur,
511 3730 608 3806 clare
638 3730 745 3820 dicit,
774 3728 844 3805 sibi
873 3727 1016 3804 nullum
1045 3740 1282 3806 cumdolore
1311 3732 1550 3837 intercedere

156 3865 387 3932 contractum
417 3855 496 3930 sive
526 3855 715 3932 nauticum
740 3856 815 3930 sive
838 3864 1069 3949 terrestrem3
1097 3853 1180 3931 ideo
1201 3855 1458 3955 exceptionem
1476 3883 1543 3958 op·

156 3981 273 4081 ponit.
310 3971 463 4052 ''Atlov
491 3980 736 4076 συμβολαίου
764 3972 842 4051 οὐκ
871 3968 985 4064 όντος
1013 3980 1099 4074 ἐμοὶ
1128 3972 1221 4074 πρός
1248 3973 1415 4066 τοῦτον,
1452 3972 1543 4054 οὔτε·

158 4101 346 4178 ναυτικοῦ
376 4093 461 4177 οὔτ’
480 4107 655 4207 ίγγείου,
687 4098 991 4204 παρεγραψάμην
1019 4096 1091 4192 τόν
1118 4099 1234 4190 δίκην
1258 4097 1313 4197 μό
1338 4102 1543 4210 είοαγιόγι-
1620 4097 1652 4191 ,’
1692 4102 1696 4109 ’

151 4258 232 4326 μον
250 4226 347 4304 εἶναι
367 4223 468 4301 κατὰ
489 4224 582 4314 τούς
602 4226 755 4326 νόμους.

741 4403 817 4486 Ad
837 4403 952 4487 070.

262 4573 454 4650 Demosth.
484 4574 700 4649 Zeltothem.
729 4574 827 4650 882:
864 4569 1057 4667 βούλομαι
1099 4574 1461 4673 παραγεγραμμένος
1484 4567 1539 4668 μό

153 4696 413 4800 εἰσαγώγιμον
441 4693 540 4771 εἶναι
570 4692 640 4785 τόν
670 4693 805 4785 δίκην,
837 4701 916 4792 περὶ
948 4693 1026 4769 τῶν
1058 4693 1188 4792 νόμιον
1217 4695 1369 4793 πρῶτον
1397 4696 1538 4783 εἰπεῖν,

153 4829 250 4899 καθ’
279 4812 348 4907 olle
376 4820 696 4924 παρεγραψάμην·
728 4824 764 4894 οὶ
787 4817 894 4918 νόμοι
926 4819 1174 4908 κελεύουσιν,
1210 4818 1274 4907 ιοίς
1303 4816 1414 4905 δίκας
1441 4816 1539 4893 εἶναι

153 4958 232 5035 τοῖς
252 4943 482 5045 ναυκλήροις
499 4953 569 5023 καί
587 4958 667 5036 τοῖς
685 4945 864 5046 ἐμπόροις
884 4946 961 5021 τῶν
981 4944 1200 5039 Ἀθήναζε,
1230 4951 1298 5019 καί
1320 4943 1397 5020 τῶν
1411 4941 1539 5034 'Adri-

154 5071 410 5199 mam
439 5072 449 5080 ’
560 5076 785 5185 ’-ιρζαί;-ριςιρί
815 5072 870 5151 ὠν
900 5067 951 5146 ἂν
978 5065 1044 5148 (ior
1078 5076 1319 5175 οογγραιγαί·
1351 5065 1402 5144 dv
1428 5070 1467 5145 δέ
1485 5100 1539 5156 τις
