3436 5790
1521 366 1556 437 V.

282 577 514 663 Msximsm
526 580 671 659 men
686 571 922 659 oratoribus
937 568 1113 659 Graecis
1127 572 1336 659 habemus
1354 575 1551 688 gratiam

167 723 244 836 qui
269 719 423 806 multas
447 717 770 803 Atheniensium
791 718 907 829 leges
929 715 984 800 ad
1005 715 1181 802 verbum
1203 719 1475 803 servaverint.

281 864 425 949 Etiam
454 861 744 975 lexicographi
767 857 921 945 Graeci
951 859 1058 944 bene
1091 861 1228 945 meriti
1254 861 1427 947 suntde
1448 891 1551 948 con·

170 1008 394 1095 servandis
416 1008 526 1118 juria
562 1001 716 1089 Graeci
756 1003 1095 1114 antiquitatibus,
1136 1032 1313 1116 quarum
1350 1032 1553 1118 magnam

170 1161 339 1264 partem
362 1178 413 1241 ex
436 1177 581 1234 eorum
603 1148 771 1258 seriptis
794 1148 999 1230 novimus.

280 1291 674 1402 Harpocratio,
713 1290 855 1374 seculo
884 1290 1072 1374 secundo
1104 1320 1146 1402 p.
1172 1286 1273 1392 Oh,
1302 1291 1346 1373 in
1377 1286 1552 1401 Λεξικῷ

173 1434 261 1521 suiv
281 1431 389 1519 δέκα
409 1420 606 1551 ῥητόρων
637 1432 819 1544 plurima
841 1434 950 1544 juris
973 1432 1101 1517 Attici
1133 1433 1341 1519 vocabula
1363 1433 1552 1546 explica·

172 1581 246 1666 vit.
283 1577 507 1692 Ejusmodi
527 1575 715 1660 Lexicon
737 1576 904 1686 scripsit
925 1605 1011 1660 non
1035 1577 1166 1661 multo
1189 1585 1287 1688 post
1308 1578 1434 1662 etiam

281 1723 541 1811 Julianus
573 1721 882 1832 Bithyniensis,
914 1721 958 1802 in
989 1747 1072 1833 quo
1103 1721 1311 1807 vocabula
1337 1720 1552 1806 actionum

171 1867 404 1954 forensium
427 1865 541 1978 apud
564 1864 729 1948 Atticos
754 1865 906 1949 usitata
926 1864 1222 1975 interpretatur
1239 1860 1300 1972 36).

280 2010 309 2096 l
322 2009 422 2093 ulii
444 2008 708 2110 Pollucis,
740 2008 828 2090 nati
851 2004 1051 2091 CLXXV
1073 2038 1113 2120 p.
1132 2005 1222 2113 Oh,
1247 2007 1552 2095 Onomasticon

172 2154 267 2269 agit
287 2155 330 2238 in
352 2152 460 2238 libro
482 2161 635 2237 octavo
658 2151 711 2235 de
733 2152 859 2237 rebus
879 2150 1119 2239 forensibus
1140 2153 1388 2238 Atticorum.

282 2294 556 2398 Timaeus,
589 2295 731 2379 seculo
754 2295 876 2376 tertio
898 2325 939 2406 p.
964 2291 1054 2397 Oh,
1087 2296 1238 2379 multas
1262 2296 1392 2382 habet
1411 2297 1454 2380 in
1476 2321 1554 2381 suo
1594 2374 1597 2379 .

174 2439 333 2524 Lexico
364 2437 582 2524 Platonico
615 2436 952 2540 observationes,
988 2466 1095 2549 quae
1127 2439 1397 2550 antiquitates
1419 2436 1553 2524 Grae·

175 2612 250 2670 eas
263 2582 370 2694 juris
392 2580 551 2692 publici
572 2589 615 2668 et
635 2579 789 2692 privati
811 2579 1030 2664 illustrant

281 2724 613 2835 Hesychius,
647 2722 759 2806 circa
788 2723 917 2806 finem
939 2723 1068 2806 seculi
1089 2726 1227 2836 quarti
1248 2756 1290 2837 p.
1313 2720 1414 2827 Oh,
1446 2725 1552 2809 sori·

174 2871 262 2983 psit
283 2865 567 2970 Glossarium,
598 2866 642 2949 in
675 2894 759 2978 quo
780 2866 961 2977 plurima
975 2866 1083 2977 juris
1104 2864 1234 2951 Attici
1256 2866 1463 2953 vocabula
1483 2894 1552 2952 re·
1646 2994 1649 2999 .

174 3015 405 3125 pariuntur.
1670 3100 1674 3109 .

282 3153 531 3254 Photius,
553 3146 1173 3256 DOOOLVH-DOOOXOI,
1197 3155 1447 3267 conscripsit
1470 3153 1553 3237 Le·

174 3303 301 3384 xioon
332 3298 606 3398 rhetoricum,
637 3294 752 3406 quod
783 3295 970 3379 continet
1000 3295 1243 3381 thesaurum
1272 3297 1553 3383 formularum

175 3472 229 3529 ac
250 3469 388 3527 rerum
400 3440 510 3552 juris
529 3437 672 3523 Attici.

283 3584 499 3686 Suidas,
532 3582 674 3667 seculo
695 3581 749 3665 X.
772 3614 813 3693 p.
831 3580 921 3686 Oh,
954 3582 1084 3668 habet
1103 3584 1284 3695 plurima
1304 3587 1347 3668 in
1371 3611 1447 3671 suo
1469 3584 1553 3669 Le·
1562 3590 1576 3655 .“
1606 3658 1609 3663 .

175 3733 272 3817 xico
293 3728 349 3813 ad
371 3727 641 3839 antiquitates
657 3726 764 3836 juris
787 3723 939 3812 Graeci
961 3723 1224 3839 pertinentia.

282 3888 403 3974 Idem
436 3885 663 3972 dicendum
695 3888 748 3971 de
779 3886 1166 4001 Etymologioo
1198 3888 1416 3998 Magno,
1449 3887 1553 3975 alias

177 4034 450 4134 Gudiano,
483 4059 505 4115 e
537 4031 678 4114 seculo
712 4029 766 4112 X.
800 4030 865 4113 vel
895 4029 969 4114 XI.
994 4062 1036 4143 p.
1064 4028 1162 4135 Oh,
1196 4041 1238 4114 et
1260 4032 1313 4117 de
1335 4030 1553 4117 Lexicis

176 4175 553 4290 Seguerianis,
586 4172 689 4256 alias
719 4171 1291 4286 Sangermanensibus
1322 4204 1375 4260 ex
1401 4174 1552 4260 eodem

175 4317 336 4421 seculo,
378 4318 582 4430 equibus
613 4319 860 4428 praesertim
893 4316 1044 4415 Λέξεις
1076 4314 1311 4437 ῥητορικαὶ
1341 4327 1383 4402 et
1410 4316 1553 4403 Δικῶν

175 4450 383 4580 ὀνόματα
419 4461 565 4574 magni
604 4468 702 4544 sunt
738 4464 941 4546 momenti
987 4465 1043 4548 ad
1088 4460 1410 4577 cognoscendas
1445 4463 1553 4575 juris

176 4606 330 4693 Graeci
351 4604 629 4716 antiquitates.

282 4748 476 4858 Denique
497 4746 580 4830 huc
604 4747 815 4831 accedunt
837 4756 979 4832 vetera
1006 4747 1168 4833 scholia
1191 4746 1356 4835 Graeca
1378 4751 1434 4835 ad
1455 4749 1552 4835 Pla·

175 4904 330 4991 tonem,
351 4888 699 5000 Aristophanem,
722 4888 1071 4995 Demosthenem,
1093 4891 1347 4978 Aeschinem
1372 4904 1413 4980 et
1433 4894 1551 4995 alios,

176 5068 391 5086 μ

281 5128 339 5219 36)
362 5128 567 5199 Grtlenban:
592 5129 784 5201 Geschicbto
799 5130 858 5202 der
874 5131 1068 5205 elassismen
1081 5134 1268 5225 Philologie.
1286 5136 1348 5205 111.
1359 5158 1396 5226 p.
1415 5137 1488 5206 lth
