3436 5790
524 98 551 155 ’ὃ

494 352 800 407 commaneremus
822 351 873 401 nn
895 348 972 406 roeo.
995 350 1073 405 ross.
1398 338 1476 410 553

91 547 155 644 qui
175 546 264 621 nihil
286 546 439 640 debeat,
470 547 530 621 vel
548 545 777 650 inscripserit
795 553 835 621 ut
854 542 1080 634 debitorem,
1102 573 1216 646 supra
1235 558 1356 623 tamen
1377 577 1474 625 sum-

91 699 187 751 mam
208 673 393 767 debitam,
418 673 596 751 adversus
616 695 700 748 eum
719 669 816 744 actio
836 669 951 749 falsae
972 669 1220 774 inscriptionis
1240 673 1474 767 instituitur.)

664 899 739 983 Ad
757 901 900 982 1060.

199 1069 447 1169 Harpocratio
475 1081 561 1173 post
590 1073 707 1148 verba
736 1062 938 1160 δικάζηταί
965 1094 1039 1139 τινι
1070 1058 1120 1153 ὦς
1149 1062 1196 1141 οὐ
1227 1070 1318 1147 haec
1344 1070 1475 1147 habet:

92 1189 250 1280 δικαίως
270 1187 393 1268 αὐτὸν
412 1191 675 1298 ἐγγεγραφότι.
715 1195 789 1273 Sed
816 1197 867 1272 ita
886 1191 1027 1273 nullum
1048 1195 1146 1273 foret
1165 1194 1362 1276 discrimen
1382 1198 1477 1276 inter

91 1313 327 1416 βουλεύσεως
347 1331 384 1395 et
403 1317 694 1424 ψευδεγγραφῆς
714 1324 907 1399 actionem.

200 1465 415 1543 Secundum
442 1465 595 1544 Suidum
623 1472 672 1562 (s.
692 1498 726 1545 v.
756 1461 897 1567 ψευδὴς
921 1459 1112 1568 ἐγγραφή)
1146 1466 1199 1545 sio
1227 1466 1353 1544 differt
1380 1467 1476 1549 aetio

94 1586 386 1693 ψευόεγγραφῆς
415 1592 462 1668 ab
492 1594 637 1670 actione
666 1587 926 1691 βουλεύσεως,
965 1573 1256 1697 quodpriorem
1284 1593 1478 1671 videantur

92 1718 315 1812 instituisse,
345 1719 408 1816 qui
433 1744 517 1793 cum
546 1721 687 1794 aerario
708 1721 799 1797 nihil
819 1720 1017 1814 deberent,
1046 1720 1085 1793 in
1104 1720 1250 1795 tabulas
1270 1717 1476 1828 debitorum

92 1844 185 1922 falso
213 1843 320 1920 relati
349 1852 472 1939 erant,
501 1847 745 1946 posteriorem
775 1832 899 1941 vero,
922 1845 984 1947 qui
1013 1870 1096 1920 cum
1125 1844 1303 1924 mulctam
1332 1845 1474 1922 aerario

93 1984 178 2046 ante
199 1969 364 2045 debitam
382 1971 600 2066 solvissent,
629 1972 764 2050 iterum
792 1972 831 2049 in
860 1972 1006 2050 tabulas
1035 1970 1243 2066 debitorum
1262 1997 1331 2075 per
1350 1969 1477 2048 dolum

95 2105 203 2170 erant
222 2094 339 2171 relati.

199 2236 347 2312 Heffter
375 2237 507 2313 asserit
542 2239 642 2330 (Die
672 2238 795 2316 athen.
828 2238 1094 2316 Gerichtsuerf.
1123 2266 1158 2340 p.
1188 2239 1294 2333 169)
1323 2234 1479 2342 γραφήν

92 2354 326 2456 βουλεύσεως
353 2375 483 2438 contre
514 2389 578 2440 eos
603 2363 716 2440 fuisse
744 2390 978 2459 concessam,
1010 2364 1071 2464 qui
1100 2365 1139 2440 in
1168 2391 1279 2442 causa
1309 2378 1414 2443 erent
1441 2378 1480 2441 ut
1517 2381 1519 2387 ’

94 2486 225 2590 aliquis
255 2515 325 2589 pro
360 2489 510 2590 publico
540 2489 707 2567 debitore
744 2489 836 2587 false
872 2491 1155 2587 inscriberetur,
1186 2486 1488 2594 ψευδεγγραφῆς

94 2640 182 2688 vero
211 2625 340 2690 contra
367 2615 539 2717 publicos
567 2627 805 2716 quaestores,
838 2618 898 2719 qui
928 2617 1058 2693 salsam
1087 2616 1365 2718 inscriptionem
1393 2643 1477 2717 per·

95 2751 262 2839 egerunt.

670 2862 745 2947 Ad
762 2866 905 2947 1066.

202 3045 415 3124 Secundum
435 3048 556 3145 Leges
577 3046 745 3124 Platonis
764 3050 875 3143 (943,
895 3048 1048 3142 Α-νΒ),
1076 3051 1107 3125 si
1127 3051 1209 3149 quis
1228 3049 1353 3126 deficit
1371 3051 1479 3148 igne-

96 3171 251 3246 vinnon
271 3171 443 3247 dimissus
461 3199 485 3247 a
502 3172 748 3271 praetoribus,
766 3172 937 3250 desertae
956 3175 1108 3250 militiae
1129 3174 1385 3250 accusationes
1405 3175 1488 3250 sint·

96 3296 196 3397 apud
216 3297 326 3373 duces
345 3296 452 3391 belli,
472 3323 554 3374 cum
575 3299 751 3374 redierint
770 3301 818 3375 ab
839 3300 1001 3378 exercitu
1014 3357 1021 3394 ,
1036 3300 1098 3398 jus
1116 3310 1241 3376 autem
1260 3298 1386 3375 dicant
1404 3301 1478 3374 sin·

96 3423 185 3521 gula
201 3447 341 3523 genere
360 3448 509 3518 eorum,
539 3425 602 3523 qni
632 3424 672 3499 in
699 3424 935 3526 expeditione
964 3426 1119 3517 fuerint,
1145 3450 1313 3501 seorsum
1340 3433 1378 3498 et
1395 3449 1477 3521 gru-

97 3549 191 3624 viter
208 3548 339 3624 armati
359 3558 397 3622 et
416 3548 557 3647 equites
578 3548 777 3647 etreliqua
805 3574 947 3648 genere.
972 3549 1145 3626 militaria
1171 3549 1319 3646 singula
1341 3548 1478 3625 itidem.

97 3672 237 3774 Siquis
257 3684 380 3749 autem
407 3673 678 3750 condemnatus
707 3685 783 3770 est,
811 3675 845 3751 ei
863 3676 1025 3776 primum
1043 3675 1117 3751 hoc
1134 3677 1199 3769 sit,
1230 3685 1272 3749 ut
1289 3699 1479 3773 nunquam

96 3798 142 3875 de
162 3798 357 3874 universae
377 3798 523 3874 virtutis
542 3800 668 3900 palma
686 3800 931 3895 contendere,
950 3825 1072 3900 neque
1091 3800 1204 3875 alium
1223 3799 1392 3876 desertae
1410 3800 1477 3875 mi-

50 3930 56 3946 '
96 3923 195 3999 litiae
215 3921 415 4025 postulare,
436 3949 556 4025 neque
570 3924 611 4000 in
628 3923 685 4000 his
703 3926 930 4002 accusatoris
949 3936 1075 4026 partes
1094 3950 1208 4025 agere
1227 3925 1356 4025 possit,
1375 3950 1479 4023 prse-

96 4061 197 4126 terea
224 4075 313 4127 vero
337 4051 517 4151 judicium
545 4050 579 4127 ei
607 4051 804 4144 aestimet,
845 4050 933 4150 quid
960 4052 1039 4152 peti
1068 4076 1151 4128 eum
1177 4048 1237 4127 vel
1267 4049 1480 4152 dependere

96 4187 277 4277 oporteat

203 4318 315 4421 Apud
335 4320 651 4398 Lacedaemonios
679 4321 711 4397 si
737 4320 819 4422 quis
843 4344 933 4420 pree
950 4319 1103 4419 ignavia
1122 4318 1316 4418 defugeret
1332 4318 1484 4396 labores

96 4448 135 4521 in
155 4445 337 4521 obeundis
355 4447 418 4537 iis,
448 4472 543 4549 quse
572 4447 673 4546 leges
697 4447 853 4547 jubent,
882 4472 965 4522 enm
984 4447 1182 4546 Lyeurgus
1200 4446 1238 4520 in
1256 4469 1411 4523 numero
1431 4447 1502 4523 ci·.

96 4571 396 4648 viumnehaberi
416 4571 565 4672 quidem
585 4572 721 4648 debere
742 4570 914 4647 decrevit
932 4570 1241 4672 (Xenophon.
1261 4571 1480 4650 Lacedaem.

97 4721 192 4798 resp.
213 4697 259 4788 X,
281 4697 336 4789 7.)

202 4842 297 4917 ltem
318 4851 424 4942 turpe
444 4850 524 4918 erat
540 4841 708 4918 timidum
728 4842 888 4943 aliquem
908 4841 1212 4918 contubernalem
1223 4840 1284 4917 vel
1294 4841 1478 4942 gymnasii

97 4968 237 5043 socium
270 4969 332 5043 vel
359 4968 518 5044 amicum
548 4969 616 5044 sibi
641 4971 812 5072 jungere.
856 4968 1083 5062 (Nicolai
1122 4969 1340 5046 Damaso.
1378 4968 1478 5064 freg-

96 5104 208 5168 mcnt.
231 5094 340 5184 114.)
683 5094 684 5099 ’
