<?xml version="1.0" encoding="UTF-8"?>
<!DOCTYPE html PUBLIC "-//W3C//DTD XHTML 1.0 Transitional//EN"
    "http://www.w3.org/TR/xhtml1/DTD/xhtml1-transitional.dtd">
<html xmlns="http://www.w3.org/1999/xhtml" xml:lang="en" lang="en">
 <head>
  <title>
</title>
<meta http-equiv="Content-Type" content="text/html;charset=utf-8" />
  <meta name='ocr-system' content='tesseract 3.04.00' />
  <meta name='ocr-capabilities' content='ocr_page ocr_carea ocr_par ocr_line ocrx_word'/>
</head>
<body>
  <div class='ocr_page' id='page_1' title='image "./synaggtnattiknn00tlgoog_0586.png"; bbox 0 0 3436 5790; ppageno 0'>
   <div class='ocr_carea' id='block_1_1' title="bbox 224 400 1308 480">
    <p class='ocr_par' dir='ltr' id='par_1_1' title="bbox 224 400 1308 480">
     <span class='ocr_line' id='line_1_1' title="bbox 224 400 1308 480; baseline -0.004 -2"><span class='ocrx_word' id='word_1_1' title='bbox 224 400 300 478; x_wconf 77' lang='grc'>582</span> <span class='ocrx_word' id='word_1_2' title='bbox 520 427 830 480; x_wconf 80' lang='grc'>111111111111</span> <span class='ocrx_word' id='word_1_3' title='bbox 853 426 902 473; x_wconf 71' lang='lat' dir='ltr'>so</span> <span class='ocrx_word' id='word_1_4' title='bbox 925 404 1206 480; x_wconf 85' lang='grc'>11111111.1111.</span> <span class='ocrx_word' id='word_1_5' title='bbox 1229 422 1308 477; x_wconf 88' lang='grc'>1111.</span> 
     </span>
    </p>
   </div>
   <div class='ocr_carea' id='block_1_2' title="bbox 219 607 1617 1598">
    <p class='ocr_par' dir='ltr' id='par_1_2' title="bbox 219 607 1617 1598">
     <span class='ocr_line' id='line_1_2' title="bbox 222 607 1616 717; baseline 0.001 -29"><span class='ocrx_word' id='word_1_6' title='bbox 222 612 391 707; x_wconf 69' lang='lat' dir='ltr'>acceium,</span> <span class='ocrx_word' id='word_1_7' title='bbox 412 612 602 712; x_wconf 82' lang='grc' dir='ltr'><em>δημοσίος</em></span> <span class='ocrx_word' id='word_1_8' title='bbox 621 618 674 702; x_wconf 81' lang='grc' dir='ltr'>εἰς</span> <span class='ocrx_word' id='word_1_9' title='bbox 688 610 846 717; x_wconf 76' lang='grc' dir='ltr'><em>μολγὸν</em></span> <span class='ocrx_word' id='word_1_10' title='bbox 864 618 1057 710; x_wconf 78' lang='grc' dir='ltr'><strong><em>πεμφθεὶς</em></strong></span> <span class='ocrx_word' id='word_1_11' title='bbox 1073 612 1314 713; x_wconf 62' lang='lat' dir='ltr'>evacuandum</span> <span class='ocrx_word' id='word_1_12' title='bbox 1330 607 1430 710; x_wconf 78' lang='grc' dir='ltr'>μετὰ</span> <span class='ocrx_word' id='word_1_13' title='bbox 1449 609 1616 708; x_wconf 70' lang='grc' dir='ltr'><strong><em>ἐχίδνης,</em></strong></span> 
     </span>
     <span class='ocr_line' id='line_1_3' title="bbox 221 732 1617 837; baseline -0.001 -21"><span class='ocrx_word' id='word_1_14' title='bbox 221 745 291 816; x_wconf 77' lang='grc' dir='ltr'>καὶ</span> <span class='ocrx_word' id='word_1_15' title='bbox 311 737 509 832; x_wconf 75' lang='grc' dir='ltr'>πιθήκου,</span> <span class='ocrx_word' id='word_1_16' title='bbox 538 746 607 815; x_wconf 78' lang='grc' dir='ltr'>καὶ</span> <span class='ocrx_word' id='word_1_17' title='bbox 628 734 857 836; x_wconf 78' lang='grc' dir='ltr'><em>ἀλέκτορος,</em></span> <span class='ocrx_word' id='word_1_18' title='bbox 887 742 958 812; x_wconf 78' lang='grc' dir='ltr'>καὶ</span> <span class='ocrx_word' id='word_1_19' title='bbox 986 735 1132 827; x_wconf 77' lang='grc' dir='ltr'><strong><em>κυνὸς,</em></strong></span> <span class='ocrx_word' id='word_1_20' title='bbox 1162 733 1314 837; x_wconf 82' lang='grc' dir='ltr'><em>ἀσεβῶν</em></span> <span class='ocrx_word' id='word_1_21' title='bbox 1343 735 1451 829; x_wconf 81' lang='grc' dir='ltr'><em>ζώων</em></span> <span class='ocrx_word' id='word_1_22' title='bbox 1478 732 1617 837; x_wconf 77' lang='grc' dir='ltr'><em>ἀσεβὴς</em></span> 
     </span>
     <span class='ocr_line' id='line_1_4' title="bbox 221 857 1616 966; baseline -0.001 -26"><span class='ocrx_word' id='word_1_23' title='bbox 221 857 451 964; x_wconf 72' lang='grc' dir='ltr'><strong><em>ἅνθρωπος,</em></strong></span> <span class='ocrx_word' id='word_1_24' title='bbox 482 869 551 938; x_wconf 82' lang='grc' dir='ltr'>καὶ</span> <span class='ocrx_word' id='word_1_25' title='bbox 579 869 633 952; x_wconf 76' lang='grc' dir='ltr'>εἰς</span> <span class='ocrx_word' id='word_1_26' title='bbox 660 860 818 964; x_wconf 80' lang='grc' dir='ltr'><em>ἅμαξαν</em></span> <span class='ocrx_word' id='word_1_27' title='bbox 846 869 1075 966; x_wconf 74' lang='grc' dir='ltr'><em>ἐζεῠγμένην</em></span> <span class='ocrx_word' id='word_1_28' title='bbox 1097 861 1280 961; x_wconf 79' lang='grc' dir='ltr'><em>μελανῶν</em></span> <span class='ocrx_word' id='word_1_29' title='bbox 1297 861 1408 960; x_wconf 73' lang='grc' dir='ltr'><em>βοῶν</em></span> <span class='ocrx_word' id='word_1_30' title='bbox 1425 891 1616 960; x_wconf 79' lang='grc' dir='ltr'><em>κατενεχ-</em></span> 
     </span>
     <span class='ocr_line' id='line_1_5' title="bbox 221 987 1617 1093; baseline 0.003 -26"><span class='ocrx_word' id='word_1_31' title='bbox 221 990 342 1081; x_wconf 75' lang='grc' dir='ltr'><em>θῆναι</em></span> <span class='ocrx_word' id='word_1_32' title='bbox 362 987 454 1091; x_wconf 84' lang='grc' dir='ltr'><em>πρὸς</em></span> <span class='ocrx_word' id='word_1_33' title='bbox 476 988 701 1082; x_wconf 84' lang='grc' dir='ltr'><strong><em>θάλασσαν,</em></strong></span> <span class='ocrx_word' id='word_1_34' title='bbox 730 996 800 1066; x_wconf 81' lang='grc' dir='ltr'>καὶ</span> <span class='ocrx_word' id='word_1_35' title='bbox 819 992 873 1077; x_wconf 81' lang='grc' dir='ltr'>εἰς</span> <span class='ocrx_word' id='word_1_36' title='bbox 891 988 1049 1088; x_wconf 67' lang='lat' dir='ltr'>[isidoro</span> <span class='ocrx_word' id='word_1_37' title='bbox 1068 988 1275 1091; x_wconf 72' lang='grc' dir='ltr'><em>βληθῆναι.</em></span> <span class='ocrx_word' id='word_1_38' title='bbox 1307 991 1415 1085; x_wconf 75' lang='lat' dir='ltr'>(Fuit</span> <span class='ocrx_word' id='word_1_39' title='bbox 1434 993 1617 1093; x_wconf 75' lang='lat' dir='ltr'>quaedam</span> 
     </span>
     <span class='ocr_line' id='line_1_6' title="bbox 219 1116 1615 1220; baseline 0 -26"><span class='ocrx_word' id='word_1_40' title='bbox 219 1119 281 1195; x_wconf 84' lang='lat' dir='ltr'>lex</span> <span class='ocrx_word' id='word_1_41' title='bbox 300 1118 483 1219; x_wconf 85' lang='lat' dir='ltr'>ejusmodi</span> <span class='ocrx_word' id='word_1_42' title='bbox 502 1120 675 1196; x_wconf 89' lang='lat' dir='ltr'>omnibus</span> <span class='ocrx_word' id='word_1_43' title='bbox 694 1117 928 1211; x_wconf 88' lang='lat' dir='ltr'>hominibus,</span> <span class='ocrx_word' id='word_1_44' title='bbox 949 1119 1072 1219; x_wconf 90' lang='lat' dir='ltr'>utqui</span> <span class='ocrx_word' id='word_1_45' title='bbox 1090 1119 1324 1220; x_wconf 91' lang='lat' dir='ltr'>patricidium</span> <span class='ocrx_word' id='word_1_46' title='bbox 1344 1116 1517 1214; x_wconf 78' lang='lat' dir='ltr'><strong>fecisset,</strong></span> <span class='ocrx_word' id='word_1_47' title='bbox 1548 1144 1615 1220; x_wconf 92' lang='lat' dir='ltr'>pu·</span> 
     </span>
     <span class='ocr_line' id='line_1_7' title="bbox 219 1241 1616 1345; baseline 0.001 -28"><span class='ocrx_word' id='word_1_48' title='bbox 219 1241 372 1319; x_wconf 72' lang='grc'>11111111</span> <span class='ocrx_word' id='word_1_49' title='bbox 392 1244 552 1321; x_wconf 88' lang='lat' dir='ltr'>culleum</span> <span class='ocrx_word' id='word_1_50' title='bbox 579 1247 715 1323; x_wconf 83' lang='lat' dir='ltr'>missus</span> <span class='ocrx_word' id='word_1_51' title='bbox 742 1256 986 1321; x_wconf 86' lang='lat' dir='ltr'>consueretur</span> <span class='ocrx_word' id='word_1_52' title='bbox 1010 1269 1092 1320; x_wconf 75' lang='lat' dir='ltr'>curm</span> <span class='ocrx_word' id='word_1_53' title='bbox 1122 1243 1253 1344; x_wconf 86' lang='lat' dir='ltr'>vipera</span> <span class='ocrx_word' id='word_1_54' title='bbox 1276 1255 1313 1321; x_wconf 89' lang='lat' dir='ltr'>et</span> <span class='ocrx_word' id='word_1_55' title='bbox 1333 1242 1441 1320; x_wconf 89' lang='lat' dir='ltr'>simia</span> <span class='ocrx_word' id='word_1_56' title='bbox 1460 1252 1498 1319; x_wconf 92' lang='lat' dir='ltr'>et</span> <span class='ocrx_word' id='word_1_57' title='bbox 1514 1242 1616 1345; x_wconf 84' lang='lat' dir='ltr'>gallo</span> 
     </span>
     <span class='ocr_line' id='line_1_8' title="bbox 219 1370 1615 1475; baseline -0.004 -27"><span class='ocrx_word' id='word_1_58' title='bbox 219 1385 257 1448; x_wconf 88' lang='lat' dir='ltr'>et</span> <span class='ocrx_word' id='word_1_59' title='bbox 276 1397 385 1466; x_wconf 89' lang='lat' dir='ltr'>oane,</span> <span class='ocrx_word' id='word_1_60' title='bbox 405 1374 528 1475; x_wconf 86' lang='lat' dir='ltr'><strong>impiis</strong></span> <span class='ocrx_word' id='word_1_61' title='bbox 549 1373 772 1450; x_wconf 84' lang='lat' dir='ltr'><strong>animalibus</strong></span> <span class='ocrx_word' id='word_1_62' title='bbox 792 1373 928 1474; x_wconf 87' lang='lat' dir='ltr'>impius</span> <span class='ocrx_word' id='word_1_63' title='bbox 948 1372 1072 1465; x_wconf 92' lang='lat' dir='ltr'>homo,</span> <span class='ocrx_word' id='word_1_64' title='bbox 1094 1373 1190 1449; x_wconf 91' lang='lat' dir='ltr'>etin</span> <span class='ocrx_word' id='word_1_65' title='bbox 1209 1372 1427 1472; x_wconf 88' lang='lat' dir='ltr'>plaustrum,</span> <span class='ocrx_word' id='word_1_66' title='bbox 1441 1370 1615 1471; x_wconf 89' lang='lat' dir='ltr'>junctum</span> 
     </span>
     <span class='ocr_line' id='line_1_9' title="bbox 219 1494 1614 1598; baseline -0.001 -27"><span class='ocrx_word' id='word_1_67' title='bbox 219 1494 335 1594; x_wconf 87' lang='lat' dir='ltr'>nigris</span> <span class='ocrx_word' id='word_1_68' title='bbox 354 1497 494 1593; x_wconf 91' lang='lat' dir='ltr'>bobus,</span> <span class='ocrx_word' id='word_1_69' title='bbox 516 1497 775 1598; x_wconf 81' lang='lat' dir='ltr'>deportaretur</span> <span class='ocrx_word' id='word_1_70' title='bbox 794 1497 842 1574; x_wconf 88' lang='lat' dir='ltr'>ad</span> <span class='ocrx_word' id='word_1_71' title='bbox 861 1522 983 1587; x_wconf 89' lang='lat' dir='ltr'>mare,</span> <span class='ocrx_word' id='word_1_72' title='bbox 1010 1496 1104 1572; x_wconf 90' lang='lat' dir='ltr'>etin</span> <span class='ocrx_word' id='word_1_73' title='bbox 1124 1496 1354 1598; x_wconf 85' lang='lat' dir='ltr'>profundum</span> <span class='ocrx_word' id='word_1_74' title='bbox 1372 1497 1614 1586; x_wconf 80' lang='lat' dir='ltr'>mitteretur.)</span> 
     </span>
    </p>
   </div>
   <div class='ocr_carea' id='block_1_3' title="bbox 801 1700 1030 1790">
    <p class='ocr_par' dir='ltr' id='par_1_3' title="bbox 801 1700 1030 1790">
     <span class='ocr_line' id='line_1_10' title="bbox 801 1700 1030 1790; baseline 0 -1"><span class='ocrx_word' id='word_1_75' title='bbox 801 1702 877 1789; x_wconf 77' lang='grc' dir='ltr'>ΔΙ</span> <span class='ocrx_word' id='word_1_76' title='bbox 893 1700 1030 1790; x_wconf 68' lang='lat' dir='ltr'>unt.</span> 
     </span>
    </p>
   </div>
   <div class='ocr_carea' id='block_1_4' title="bbox 166 1869 1613 2967">
    <p class='ocr_par' dir='ltr' id='par_1_4' title="bbox 166 1869 1613 2349">
     <span class='ocr_line' id='line_1_11' title="bbox 326 1869 1613 1972; baseline -0.006 -22"><span class='ocrx_word' id='word_1_77' title='bbox 326 1872 400 1950; x_wconf 85' lang='lat' dir='ltr'>Vix</span> <span class='ocrx_word' id='word_1_78' title='bbox 427 1871 655 1948; x_wconf 88' lang='lat' dir='ltr'>credendum</span> <span class='ocrx_word' id='word_1_79' title='bbox 683 1870 807 1972; x_wconf 87' lang='lat' dir='ltr'>itaque</span> <span class='ocrx_word' id='word_1_80' title='bbox 838 1869 985 1946; x_wconf 81' lang='lat' dir='ltr'>Leuiois</span> <span class='ocrx_word' id='word_1_81' title='bbox 1014 1869 1254 1969; x_wconf 85' lang='lat' dir='ltr'>Seguerianis</span> <span class='ocrx_word' id='word_1_82' title='bbox 1281 1898 1317 1972; x_wconf 87' lang='lat' dir='ltr'>p.</span> <span class='ocrx_word' id='word_1_83' title='bbox 1340 1871 1439 1946; x_wconf 77' lang='lat' dir='ltr'>lat:</span> <span class='ocrx_word' id='word_1_84' title='bbox 1467 1897 1613 1962; x_wconf 84' lang='grc' dir='ltr'><em>φονι-</em></span> 
     </span>
     <span class='ocr_line' id='line_1_12' title="bbox 219 1990 1609 2096; baseline 0 -28"><span class='ocrx_word' id='word_1_85' title='bbox 219 1992 332 2069; x_wconf 75' lang='grc' dir='ltr'><em>κὸν·</em></span> <span class='ocrx_word' id='word_1_86' title='bbox 361 1991 433 2071; x_wconf 73' lang='grc' dir='ltr'>ἐὰν</span> <span class='ocrx_word' id='word_1_87' title='bbox 447 1993 635 2092; x_wconf 64' lang='lat' dir='ltr'>paroemia</span> <span class='ocrx_word' id='word_1_88' title='bbox 653 2022 708 2080; x_wconf 81' lang='grc' dir='ltr'>τις</span> <span class='ocrx_word' id='word_1_89' title='bbox 737 1991 974 2090; x_wconf 74' lang='grc' dir='ltr'><strong><em>ἀποκτείνῃ,</em></strong></span> <span class='ocrx_word' id='word_1_90' title='bbox 1003 1991 1129 2096; x_wconf 78' lang='grc' dir='ltr'><strong><em>φυγῆς</em></strong></span> <span class='ocrx_word' id='word_1_91' title='bbox 1152 1993 1281 2090; x_wconf 79' lang='grc' dir='ltr'><em>μόνον</em></span> <span class='ocrx_word' id='word_1_92' title='bbox 1309 1990 1609 2087; x_wconf 78' lang='grc' dir='ltr'><em>κατεδικάζετο·</em></span> 
     </span>
     <span class='ocr_line' id='line_1_13' title="bbox 218 2112 1609 2222; baseline 0 -25"><span class='ocrx_word' id='word_1_93' title='bbox 218 2117 288 2197; x_wconf 74' lang='lat' dir='ltr'>e‘riv</span> <span class='ocrx_word' id='word_1_94' title='bbox 302 2125 437 2216; x_wconf 78' lang='grc' dir='ltr'><em>μέντοι</em></span> <span class='ocrx_word' id='word_1_95' title='bbox 457 2116 598 2210; x_wconf 82' lang='grc' dir='ltr'><strong><em>ἀστὸν,</em></strong></span> <span class='ocrx_word' id='word_1_96' title='bbox 630 2117 802 2206; x_wconf 77' lang='grc' dir='ltr'><em>θάνατος</em></span> <span class='ocrx_word' id='word_1_97' title='bbox 832 2112 852 2210; x_wconf 77' lang='grc' dir='ltr'><em>ἦ</em></span> <span class='ocrx_word' id='word_1_98' title='bbox 876 2124 1001 2218; x_wconf 78' lang='grc' dir='ltr'>ζημία.</span> <span class='ocrx_word' id='word_1_99' title='bbox 1040 2119 1101 2215; x_wconf 85' lang='grc'>(81</span> <span class='ocrx_word' id='word_1_100' title='bbox 1121 2124 1204 2222; x_wconf 88' lang='lat' dir='ltr'>quis</span> <span class='ocrx_word' id='word_1_101' title='bbox 1222 2122 1446 2222; x_wconf 88' lang='lat' dir='ltr'>inquilinum</span> <span class='ocrx_word' id='word_1_102' title='bbox 1465 2122 1609 2202; x_wconf 86' lang='lat' dir='ltr'>oecide-</span> 
     </span>
     <span class='ocr_line' id='line_1_14' title="bbox 166 2246 1559 2349; baseline 0.006 -31"><span class='ocrx_word' id='word_1_103' title='bbox 166 2307 174 2318; x_wconf 81' lang='grc'><strong><em>,</em></strong></span> <span class='ocrx_word' id='word_1_104' title='bbox 218 2259 294 2340; x_wconf 86' lang='grc'>111,</span> <span class='ocrx_word' id='word_1_105' title='bbox 314 2247 424 2325; x_wconf 85' lang='lat' dir='ltr'>exilio</span> <span class='ocrx_word' id='word_1_106' title='bbox 443 2247 564 2324; x_wconf 85' lang='lat' dir='ltr'>solum</span> <span class='ocrx_word' id='word_1_107' title='bbox 584 2246 853 2343; x_wconf 67' lang='lat' dir='ltr'>damnabatur,</span> <span class='ocrx_word' id='word_1_108' title='bbox 881 2248 912 2323; x_wconf 91' lang='lat' dir='ltr'>si</span> <span class='ocrx_word' id='word_1_109' title='bbox 936 2274 1026 2323; x_wconf 89' lang='lat' dir='ltr'>vero</span> <span class='ocrx_word' id='word_1_110' title='bbox 1046 2247 1187 2340; x_wconf 89' lang='lat' dir='ltr'>civem,</span> <span class='ocrx_word' id='word_1_111' title='bbox 1208 2273 1307 2323; x_wconf 89' lang='lat' dir='ltr'>mors</span> <span class='ocrx_word' id='word_1_112' title='bbox 1327 2260 1385 2324; x_wconf 88' lang='lat' dir='ltr'>est</span> <span class='ocrx_word' id='word_1_113' title='bbox 1402 2250 1559 2349; x_wconf 82' lang='lat' dir='ltr'>poena.)</span> 
     </span>
    </p>

    <p class='ocr_par' dir='ltr' id='par_1_5' title="bbox 217 2388 1611 2967">
     <span class='ocr_line' id='line_1_15' title="bbox 327 2388 1611 2492; baseline -0.002 -26"><span class='ocrx_word' id='word_1_114' title='bbox 327 2391 358 2466; x_wconf 78' lang='lat' dir='ltr'>l:</span> <span class='ocrx_word' id='word_1_115' title='bbox 378 2391 607 2492; x_wconf 86' lang='lat' dir='ltr'>praescripto</span> <span class='ocrx_word' id='word_1_116' title='bbox 628 2390 772 2490; x_wconf 83' lang='lat' dir='ltr'>Legum</span> <span class='ocrx_word' id='word_1_117' title='bbox 793 2391 960 2467; x_wconf 79' lang='lat' dir='ltr'>Platonis</span> <span class='ocrx_word' id='word_1_118' title='bbox 981 2390 1092 2483; x_wconf 80' lang='grc'><strong><em>(872,</em></strong></span> <span class='ocrx_word' id='word_1_119' title='bbox 1113 2388 1178 2484; x_wconf 79' lang='lat' dir='ltr'>O),</span> <span class='ocrx_word' id='word_1_120' title='bbox 1209 2391 1239 2464; x_wconf 87' lang='lat' dir='ltr'>si</span> <span class='ocrx_word' id='word_1_121' title='bbox 1268 2389 1351 2491; x_wconf 88' lang='lat' dir='ltr'>quis</span> <span class='ocrx_word' id='word_1_122' title='bbox 1380 2415 1532 2467; x_wconf 84' lang='lat' dir='ltr'>servum</span> <span class='ocrx_word' id='word_1_123' title='bbox 1553 2414 1611 2465; x_wconf 90' lang='lat' dir='ltr'>oc-</span> 
     </span>
     <span class='ocr_line' id='line_1_16' title="bbox 219 2513 1609 2618; baseline 0.001 -29"><span class='ocrx_word' id='word_1_124' title='bbox 219 2515 309 2592; x_wconf 90' lang='lat' dir='ltr'>cidit</span> <span class='ocrx_word' id='word_1_125' title='bbox 327 2517 430 2593; x_wconf 89' lang='lat' dir='ltr'>nulla</span> <span class='ocrx_word' id='word_1_126' title='bbox 448 2516 583 2618; x_wconf 90' lang='lat' dir='ltr'>injuria</span> <span class='ocrx_word' id='word_1_127' title='bbox 601 2517 813 2611; x_wconf 86' lang='lat' dir='ltr'>lacessitus,</span> <span class='ocrx_word' id='word_1_128' title='bbox 843 2517 909 2594; x_wconf 90' lang='lat' dir='ltr'>sed</span> <span class='ocrx_word' id='word_1_129' title='bbox 938 2529 1061 2606; x_wconf 88' lang='lat' dir='ltr'>metu,</span> <span class='ocrx_word' id='word_1_130' title='bbox 1091 2541 1138 2593; x_wconf 91' lang='lat' dir='ltr'>ne</span> <span class='ocrx_word' id='word_1_131' title='bbox 1158 2513 1270 2592; x_wconf 88' lang='lat' dir='ltr'>index</span> <span class='ocrx_word' id='word_1_132' title='bbox 1290 2514 1457 2616; x_wconf 89' lang='lat' dir='ltr'>turpium</span> <span class='ocrx_word' id='word_1_133' title='bbox 1476 2527 1514 2591; x_wconf 90' lang='lat' dir='ltr'>et</span> <span class='ocrx_word' id='word_1_134' title='bbox 1533 2539 1609 2590; x_wconf 91' lang='lat' dir='ltr'>ma·</span> 
     </span>
     <span class='ocr_line' id='line_1_17' title="bbox 218 2635 1608 2742; baseline -0.003 -25"><span class='ocrx_word' id='word_1_135' title='bbox 218 2642 339 2717; x_wconf 90' lang='lat' dir='ltr'>lorum</span> <span class='ocrx_word' id='word_1_136' title='bbox 357 2642 473 2741; x_wconf 90' lang='lat' dir='ltr'>ipsius</span> <span class='ocrx_word' id='word_1_137' title='bbox 493 2642 697 2718; x_wconf 84' lang='lat' dir='ltr'>facinorum</span> <span class='ocrx_word' id='word_1_138' title='bbox 717 2645 802 2735; x_wconf 87' lang='lat' dir='ltr'>fiat,</span> <span class='ocrx_word' id='word_1_139' title='bbox 822 2643 882 2718; x_wconf 87' lang='lat' dir='ltr'>vel</span> <span class='ocrx_word' id='word_1_140' title='bbox 902 2635 1320 2735; x_wconf 81' lang='grc'>11111111111111111111,</span> <span class='ocrx_word' id='word_1_141' title='bbox 1341 2638 1495 2742; x_wconf 88' lang='lat' dir='ltr'>perinde</span> <span class='ocrx_word' id='word_1_142' title='bbox 1514 2665 1559 2715; x_wconf 90' lang='lat' dir='ltr'>ao</span> <span class='ocrx_word' id='word_1_143' title='bbox 1579 2639 1608 2713; x_wconf 93' lang='lat' dir='ltr'>si</span> 
     </span>
     <span class='ocr_line' id='line_1_18' title="bbox 217 2763 1609 2866; baseline 0 -25"><span class='ocrx_word' id='word_1_144' title='bbox 217 2768 298 2842; x_wconf 85' lang='lat' dir='ltr'>cive</span> <span class='ocrx_word' id='word_1_145' title='bbox 328 2768 522 2842; x_wconf 83' lang='lat' dir='ltr'>interfecto</span> <span class='ocrx_word' id='word_1_146' title='bbox 551 2794 635 2841; x_wconf 89' lang='lat' dir='ltr'>reus</span> <span class='ocrx_word' id='word_1_147' title='bbox 664 2768 790 2843; x_wconf 89' lang='lat' dir='ltr'>oaedis</span> <span class='ocrx_word' id='word_1_148' title='bbox 821 2780 936 2860; x_wconf 86' lang='lat' dir='ltr'>esset,</span> <span class='ocrx_word' id='word_1_149' title='bbox 966 2779 1003 2842; x_wconf 91' lang='lat' dir='ltr'>et</span> <span class='ocrx_word' id='word_1_150' title='bbox 1031 2765 1240 2866; x_wconf 86' lang='lat' dir='ltr'>hujusmodi</span> <span class='ocrx_word' id='word_1_151' title='bbox 1266 2791 1375 2842; x_wconf 86' lang='lat' dir='ltr'>servo</span> <span class='ocrx_word' id='word_1_152' title='bbox 1395 2763 1526 2841; x_wconf 88' lang='lat' dir='ltr'>eadem</span> <span class='ocrx_word' id='word_1_153' title='bbox 1547 2790 1609 2841; x_wconf 90' lang='lat' dir='ltr'>ra-</span> 
     </span>
     <span class='ocr_line' id='line_1_19' title="bbox 218 2890 775 2967; baseline 0.004 -3"><span class='ocrx_word' id='word_1_154' title='bbox 218 2891 320 2966; x_wconf 89' lang='lat' dir='ltr'>tione</span> <span class='ocrx_word' id='word_1_155' title='bbox 343 2900 488 2966; x_wconf 89' lang='lat' dir='ltr'>mortuo</span> <span class='ocrx_word' id='word_1_156' title='bbox 507 2890 560 2967; x_wconf 89' lang='lat' dir='ltr'>ita</span> <span class='ocrx_word' id='word_1_157' title='bbox 579 2916 663 2967; x_wconf 88' lang='lat' dir='ltr'>reus</span> <span class='ocrx_word' id='word_1_158' title='bbox 684 2902 775 2966; x_wconf 86' lang='lat' dir='ltr'>esto.</span> 
     </span>
    </p>
   </div>
   <div class='ocr_carea' id='block_1_5' title="bbox 803 3061 1031 3146">
    <p class='ocr_par' dir='ltr' id='par_1_6' title="bbox 803 3061 1031 3146">
     <span class='ocr_line' id='line_1_20' title="bbox 803 3061 1031 3146; baseline 0 0"><span class='ocrx_word' id='word_1_159' title='bbox 803 3061 879 3146; x_wconf 75' lang='lat' dir='ltr'>Ad</span> <span class='ocrx_word' id='word_1_160' title='bbox 896 3064 1031 3146; x_wconf 75' lang='grc'>1117.</span> 
     </span>
    </p>
   </div>
   <div class='ocr_carea' id='block_1_6' title="bbox 219 3228 1610 3431">
    <p class='ocr_par' dir='ltr' id='par_1_7' title="bbox 219 3228 1610 3431">
     <span class='ocr_line' id='line_1_21' title="bbox 325 3228 1610 3330; baseline 0.001 -26"><span class='ocrx_word' id='word_1_161' title='bbox 325 3229 356 3304; x_wconf 87' lang='grc'>11</span> <span class='ocrx_word' id='word_1_162' title='bbox 376 3228 501 3303; x_wconf 84' lang='lat' dir='ltr'>exules</span> <span class='ocrx_word' id='word_1_163' title='bbox 521 3228 787 3327; x_wconf 88' lang='lat' dir='ltr'>intelliguntur,</span> <span class='ocrx_word' id='word_1_164' title='bbox 806 3229 869 3330; x_wconf 92' lang='lat' dir='ltr'>qui</span> <span class='ocrx_word' id='word_1_165' title='bbox 890 3253 965 3303; x_wconf 89' lang='lat' dir='ltr'>non</span> <span class='ocrx_word' id='word_1_166' title='bbox 985 3237 1139 3327; x_wconf 89' lang='lat' dir='ltr'>accepta</span> <span class='ocrx_word' id='word_1_167' title='bbox 1159 3230 1270 3306; x_wconf 87' lang='lat' dir='ltr'>venia</span> <span class='ocrx_word' id='word_1_168' title='bbox 1289 3231 1328 3304; x_wconf 95' lang='lat' dir='ltr'>in</span> <span class='ocrx_word' id='word_1_169' title='bbox 1347 3231 1510 3329; x_wconf 87' lang='lat' dir='ltr'>patriam</span> <span class='ocrx_word' id='word_1_170' title='bbox 1527 3229 1610 3305; x_wconf 89' lang='lat' dir='ltr'>red-</span> 
     </span>
     <span class='ocr_line' id='line_1_22' title="bbox 219 3352 358 3431; baseline 0.014 -5"><span class='ocrx_word' id='word_1_171' title='bbox 219 3352 358 3431; x_wconf 88' lang='lat' dir='ltr'>iissent.</span> 
     </span>
    </p>
   </div>
   <div class='ocr_carea' id='block_1_7' title="bbox 800 3454 1029 3538">
    <p class='ocr_par' dir='ltr' id='par_1_8' title="bbox 800 3454 1029 3538">
     <span class='ocr_line' id='line_1_23' title="bbox 800 3454 1029 3538; baseline 0.004 -1"><span class='ocrx_word' id='word_1_172' title='bbox 800 3454 876 3537; x_wconf 80' lang='lat' dir='ltr'>Ad</span> <span class='ocrx_word' id='word_1_173' title='bbox 894 3456 1029 3538; x_wconf 77' lang='lat' dir='ltr'>uae.</span> 
     </span>
    </p>
   </div>
   <div class='ocr_carea' id='block_1_8' title="bbox 219 3619 1611 3850">
    <p class='ocr_par' dir='ltr' id='par_1_9' title="bbox 219 3619 1611 3850">
     <span class='ocr_line' id='line_1_24' title="bbox 326 3619 1611 3725; baseline -0.002 -30"><span class='ocrx_word' id='word_1_174' title='bbox 326 3620 468 3696; x_wconf 82' lang='lat' dir='ltr'>Eadem</span> <span class='ocrx_word' id='word_1_175' title='bbox 488 3619 602 3697; x_wconf 87' lang='lat' dir='ltr'>habet</span> <span class='ocrx_word' id='word_1_176' title='bbox 620 3622 812 3722; x_wconf 84' lang='lat' dir='ltr'>inscriptio</span> <span class='ocrx_word' id='word_1_177' title='bbox 843 3649 980 3724; x_wconf 88' lang='lat' dir='ltr'>graeca</span> <span class='ocrx_word' id='word_1_178' title='bbox 1007 3623 1106 3725; x_wconf 90' lang='lat' dir='ltr'>apud</span> <span class='ocrx_word' id='word_1_179' title='bbox 1136 3624 1381 3700; x_wconf 87' lang='lat' dir='ltr'>Pittacem</span> <span class='ocrx_word' id='word_1_180' title='bbox 1410 3625 1611 3720; x_wconf 78' lang='grc' dir='ltr'><strong><em>(ἐφημερὶς</em></strong></span> 
     </span>
     <span class='ocr_line' id='line_1_25' title="bbox 219 3741 1610 3850; baseline 0.003 -32"><span class='ocrx_word' id='word_1_181' title='bbox 219 3741 519 3847; x_wconf 75' lang='grc' dir='ltr'><em>ἀρχαιολογικὴ)</em></span> <span class='ocrx_word' id='word_1_182' title='bbox 544 3747 609 3822; x_wconf 87' lang='grc' dir='ltr'>Ν1.</span> <span class='ocrx_word' id='word_1_183' title='bbox 629 3747 719 3840; x_wconf 86' lang='grc'><strong><em>888,</em></strong></span> <span class='ocrx_word' id='word_1_184' title='bbox 745 3757 783 3824; x_wconf 90' lang='lat' dir='ltr'>et</span> <span class='ocrx_word' id='word_1_185' title='bbox 810 3749 911 3850; x_wconf 85' lang='lat' dir='ltr'>apud</span> <span class='ocrx_word' id='word_1_186' title='bbox 931 3749 1151 3848; x_wconf 88' lang='lat' dir='ltr'>Rangabem</span> <span class='ocrx_word' id='word_1_187' title='bbox 1180 3749 1413 3849; x_wconf 72' lang='lat' dir='ltr'>(Antiquitds</span> <span class='ocrx_word' id='word_1_188' title='bbox 1443 3749 1610 3826; x_wconf 74' lang='lat' dir='ltr'>Helleni·</span> 
     </span>
    </p>
   </div>
   <div class='ocr_carea' id='block_1_9' title="bbox 218 3870 1025 4060">
    <p class='ocr_par' dir='ltr' id='par_1_10' title="bbox 218 3870 1025 4060">
     <span class='ocr_line' id='line_1_26' title="bbox 218 3870 527 3969; baseline 0.006 -23"><span class='ocrx_word' id='word_1_189' title='bbox 218 3871 330 3969; x_wconf 84' lang='lat' dir='ltr'>ques)</span> <span class='ocrx_word' id='word_1_190' title='bbox 351 3870 414 3947; x_wconf 87' lang='lat' dir='ltr'>Nr.</span> <span class='ocrx_word' id='word_1_191' title='bbox 436 3872 527 3948; x_wconf 77' lang='grc'>2119.</span> 
     </span>
     <span class='ocr_line' id='line_1_27' title="bbox 808 3972 1025 4060; baseline 0.009 -2"><span class='ocrx_word' id='word_1_192' title='bbox 808 3972 884 4058; x_wconf 78' lang='lat' dir='ltr'>Ad</span> <span class='ocrx_word' id='word_1_193' title='bbox 901 3977 1025 4060; x_wconf 77' lang='lat'>11³1.</span> 
     </span>
    </p>
   </div>
   <div class='ocr_carea' id='block_1_10' title="bbox 217 4141 1611 5252">
    <p class='ocr_par' dir='ltr' id='par_1_11' title="bbox 217 4141 1611 5252">
     <span class='ocr_line' id='line_1_28' title="bbox 326 4141 1610 4248; baseline 0.004 -31"><span class='ocrx_word' id='word_1_194' title='bbox 326 4141 537 4218; x_wconf 89' lang='lat' dir='ltr'>Secundum</span> <span class='ocrx_word' id='word_1_195' title='bbox 557 4143 726 4219; x_wconf 81' lang='lat' dir='ltr'>Platonis</span> <span class='ocrx_word' id='word_1_196' title='bbox 754 4142 876 4244; x_wconf 85' lang='lat' dir='ltr'>Leges</span> <span class='ocrx_word' id='word_1_197' title='bbox 905 4144 1024 4238; x_wconf 85' lang='grc'>(871)</span> <span class='ocrx_word' id='word_1_198' title='bbox 1053 4145 1117 4248; x_wconf 92' lang='lat' dir='ltr'>qui</span> <span class='ocrx_word' id='word_1_199' title='bbox 1144 4147 1313 4222; x_wconf 86' lang='lat' dir='ltr'>consulto</span> <span class='ocrx_word' id='word_1_200' title='bbox 1339 4154 1450 4243; x_wconf 85' lang='lat' dir='ltr'>atque</span> <span class='ocrx_word' id='word_1_201' title='bbox 1470 4145 1610 4247; x_wconf 85' lang='lat' dir='ltr'>injuste</span> 
     </span>
     <span class='ocr_line' id='line_1_29' title="bbox 217 4267 1610 4372; baseline 0.002 -29"><span class='ocrx_word' id='word_1_202' title='bbox 217 4269 376 4366; x_wconf 81' lang='lat' dir='ltr'>aliquem</span> <span class='ocrx_word' id='word_1_203' title='bbox 395 4267 634 4367; x_wconf 89' lang='lat' dir='ltr'>popularium</span> <span class='ocrx_word' id='word_1_204' title='bbox 653 4293 720 4344; x_wconf 89' lang='lat' dir='ltr'>sua</span> <span class='ocrx_word' id='word_1_205' title='bbox 738 4293 852 4343; x_wconf 87' lang='lat' dir='ltr'>manu</span> <span class='ocrx_word' id='word_1_206' title='bbox 872 4267 1024 4364; x_wconf 91' lang='lat' dir='ltr'>occidit,</span> <span class='ocrx_word' id='word_1_207' title='bbox 1047 4269 1205 4372; x_wconf 90' lang='lat' dir='ltr'>primum</span> <span class='ocrx_word' id='word_1_208' title='bbox 1227 4271 1401 4370; x_wconf 84' lang='lat' dir='ltr'>legitimis</span> <span class='ocrx_word' id='word_1_209' title='bbox 1420 4269 1610 4347; x_wconf 87' lang='lat' dir='ltr'>abstineto</span> 
     </span>
     <span class='ocr_line' id='line_1_30' title="bbox 221 4389 1610 4496; baseline 0.006 -33"><span class='ocrx_word' id='word_1_210' title='bbox 221 4389 319 4485; x_wconf 78' lang='grc' dir='ltr'>(τῶν</span> <span class='ocrx_word' id='word_1_211' title='bbox 339 4391 518 4486; x_wconf 76' lang='grc' dir='ltr'><em>νομίμων</em></span> <span class='ocrx_word' id='word_1_212' title='bbox 537 4393 754 4494; x_wconf 76' lang='grc' dir='ltr'><strong><em>εἰργέσθω),</em></strong></span> <span class='ocrx_word' id='word_1_213' title='bbox 783 4416 905 4494; x_wconf 86' lang='lat' dir='ltr'>neque</span> <span class='ocrx_word' id='word_1_214' title='bbox 934 4421 1039 4471; x_wconf 88' lang='lat' dir='ltr'>sacra</span> <span class='ocrx_word' id='word_1_215' title='bbox 1058 4420 1179 4496; x_wconf 88' lang='lat' dir='ltr'>neque</span> <span class='ocrx_word' id='word_1_216' title='bbox 1198 4395 1321 4473; x_wconf 88' lang='lat' dir='ltr'>forum</span> <span class='ocrx_word' id='word_1_217' title='bbox 1340 4421 1460 4496; x_wconf 86' lang='lat' dir='ltr'>neque</span> <span class='ocrx_word' id='word_1_218' title='bbox 1478 4410 1610 4496; x_wconf 85' lang='lat' dir='ltr'>portus</span> 
     </span>
     <span class='ocr_line' id='line_1_31' title="bbox 218 4514 1608 4623; baseline 0.005 -31"><span class='ocrx_word' id='word_1_219' title='bbox 218 4543 339 4616; x_wconf 89' lang='lat' dir='ltr'>neque</span> <span class='ocrx_word' id='word_1_220' title='bbox 358 4514 472 4592; x_wconf 90' lang='lat' dir='ltr'>ullum</span> <span class='ocrx_word' id='word_1_221' title='bbox 493 4518 606 4593; x_wconf 90' lang='lat' dir='ltr'>alium</span> <span class='ocrx_word' id='word_1_222' title='bbox 626 4545 861 4596; x_wconf 88' lang='lat' dir='ltr'>communem</span> <span class='ocrx_word' id='word_1_223' title='bbox 880 4534 1106 4596; x_wconf 89' lang='lat' dir='ltr'>conventum</span> <span class='ocrx_word' id='word_1_224' title='bbox 1126 4523 1320 4621; x_wconf 89' lang='lat' dir='ltr'>polluens,</span> <span class='ocrx_word' id='word_1_225' title='bbox 1340 4522 1419 4598; x_wconf 84' lang='lat' dir='ltr'>sive</span> <span class='ocrx_word' id='word_1_226' title='bbox 1440 4522 1522 4623; x_wconf 87' lang='lat' dir='ltr'>quis</span> <span class='ocrx_word' id='word_1_227' title='bbox 1543 4519 1608 4599; x_wconf 91' lang='lat' dir='ltr'>ho-</span> 
     </span>
     <span class='ocr_line' id='line_1_32' title="bbox 218 4643 1610 4746; baseline 0.005 -30"><span class='ocrx_word' id='word_1_228' title='bbox 218 4648 358 4716; x_wconf 91' lang='lat' dir='ltr'>minum</span> <span class='ocrx_word' id='word_1_229' title='bbox 387 4643 440 4735; x_wconf 92' lang='lat' dir='ltr'>ei,</span> <span class='ocrx_word' id='word_1_230' title='bbox 469 4643 533 4741; x_wconf 92' lang='lat' dir='ltr'>qui</span> <span class='ocrx_word' id='word_1_231' title='bbox 561 4643 653 4719; x_wconf 86' lang='lat' dir='ltr'>haec</span> <span class='ocrx_word' id='word_1_232' title='bbox 683 4645 889 4739; x_wconf 84' lang='lat' dir='ltr'>commisit,</span> <span class='ocrx_word' id='word_1_233' title='bbox 918 4644 1106 4721; x_wconf 87' lang='lat' dir='ltr'>interdicit</span> <span class='ocrx_word' id='word_1_234' title='bbox 1135 4647 1214 4746; x_wconf 69' lang='lat' dir='ltr'>siue</span> <span class='ocrx_word' id='word_1_235' title='bbox 1243 4647 1375 4723; x_wconf 88' lang='lat' dir='ltr'>minus.</span> <span class='ocrx_word' id='word_1_236' title='bbox 1415 4647 1489 4740; x_wconf 83' lang='lat' dir='ltr'>Qui</span> <span class='ocrx_word' id='word_1_237' title='bbox 1518 4672 1610 4723; x_wconf 90' lang='lat' dir='ltr'>vero</span> 
     </span>
     <span class='ocr_line' id='line_1_33' title="bbox 218 4770 1611 4875; baseline 0.003 -30"><span class='ocrx_word' id='word_1_238' title='bbox 218 4796 295 4845; x_wconf 90' lang='lat' dir='ltr'>non</span> <span class='ocrx_word' id='word_1_239' title='bbox 316 4771 570 4867; x_wconf 85' lang='lat' dir='ltr'>persequitur,</span> <span class='ocrx_word' id='word_1_240' title='bbox 591 4795 675 4844; x_wconf 91' lang='lat' dir='ltr'>cum</span> <span class='ocrx_word' id='word_1_241' title='bbox 690 4770 850 4863; x_wconf 85' lang='lat' dir='ltr'>debeat,</span> <span class='ocrx_word' id='word_1_242' title='bbox 879 4771 940 4846; x_wconf 84' lang='lat' dir='ltr'>vel</span> <span class='ocrx_word' id='word_1_243' title='bbox 959 4772 1147 4848; x_wconf 89' lang='lat' dir='ltr'>abstinere</span> <span class='ocrx_word' id='word_1_244' title='bbox 1166 4798 1242 4847; x_wconf 92' lang='lat' dir='ltr'>non</span> <span class='ocrx_word' id='word_1_245' title='bbox 1255 4772 1366 4873; x_wconf 84' lang='lat' dir='ltr'>jubet</span> <span class='ocrx_word' id='word_1_246' title='bbox 1385 4798 1432 4849; x_wconf 85' lang='lat' dir='ltr'>ex</span> <span class='ocrx_word' id='word_1_247' title='bbox 1451 4774 1515 4866; x_wconf 93' lang='lat' dir='ltr'>iis,</span> <span class='ocrx_word' id='word_1_248' title='bbox 1547 4774 1611 4875; x_wconf 89' lang='lat' dir='ltr'>qui</span> 
     </span>
     <span class='ocr_line' id='line_1_34' title="bbox 217 4895 1609 4999; baseline 0.005 -31"><span class='ocrx_word' id='word_1_249' title='bbox 217 4895 392 4969; x_wconf 86' lang='lat' dir='ltr'>utriusvis</span> <span class='ocrx_word' id='word_1_250' title='bbox 422 4919 531 4969; x_wconf 84' lang='lat' dir='ltr'>sexus</span> <span class='ocrx_word' id='word_1_251' title='bbox 560 4896 782 4992; x_wconf 82' lang='lat' dir='ltr'>cognatione</span> <span class='ocrx_word' id='word_1_252' title='bbox 803 4895 849 4972; x_wconf 88' lang='lat' dir='ltr'>ad</span> <span class='ocrx_word' id='word_1_253' title='bbox 871 4897 1114 4973; x_wconf 90' lang='lat' dir='ltr'>consobrinos</span> <span class='ocrx_word' id='word_1_254' title='bbox 1143 4924 1258 4999; x_wconf 87' lang='lat' dir='ltr'>usque</span> <span class='ocrx_word' id='word_1_255' title='bbox 1289 4909 1478 4975; x_wconf 89' lang='lat' dir='ltr'>mortuum</span> <span class='ocrx_word' id='word_1_256' title='bbox 1496 4899 1609 4975; x_wconf 89' lang='lat' dir='ltr'>attin-</span> 
     </span>
     <span class='ocr_line' id='line_1_35' title="bbox 217 5020 1609 5120; baseline 0.006 -27"><span class='ocrx_word' id='word_1_257' title='bbox 217 5034 331 5117; x_wconf 88' lang='lat' dir='ltr'>gunt,</span> <span class='ocrx_word' id='word_1_258' title='bbox 362 5023 392 5093; x_wconf 89' lang='lat' dir='ltr'>is</span> <span class='ocrx_word' id='word_1_259' title='bbox 422 5047 505 5094; x_wconf 87' lang='lat' dir='ltr'>reus</span> <span class='ocrx_word' id='word_1_260' title='bbox 535 5022 656 5117; x_wconf 89' lang='lat' dir='ltr'>agitor</span> <span class='ocrx_word' id='word_1_261' title='bbox 684 5049 705 5095; x_wconf 85' lang='lat' dir='ltr'>a</span> <span class='ocrx_word' id='word_1_262' title='bbox 734 5020 900 5120; x_wconf 87' lang='lat' dir='ltr'>quolibet</span> <span class='ocrx_word' id='word_1_263' title='bbox 928 5023 1053 5098; x_wconf 90' lang='lat' dir='ltr'>ulcisci</span> <span class='ocrx_word' id='word_1_264' title='bbox 1073 5038 1261 5100; x_wconf 88' lang='lat' dir='ltr'>mortuum</span> <span class='ocrx_word' id='word_1_265' title='bbox 1280 5025 1441 5101; x_wconf 88' lang='lat' dir='ltr'>volente.</span> <span class='ocrx_word' id='word_1_266' title='bbox 1464 5068 1513 5079; x_wconf 81' lang='lat'>--</span> <span class='ocrx_word' id='word_1_267' title='bbox 1533 5027 1609 5101; x_wconf 89' lang='lat' dir='ltr'>Da-</span> 
     </span>
     <span class='ocr_line' id='line_1_36' title="bbox 218 5147 1609 5252; baseline 0.007 -35"><span class='ocrx_word' id='word_1_268' title='bbox 218 5163 364 5219; x_wconf 87' lang='lat' dir='ltr'>mnatus</span> <span class='ocrx_word' id='word_1_269' title='bbox 384 5159 507 5220; x_wconf 85' lang='lat' dir='ltr'>sutem</span> <span class='ocrx_word' id='word_1_270' title='bbox 530 5159 648 5219; x_wconf 88' lang='lat' dir='ltr'>morte</span> <span class='ocrx_word' id='word_1_271' title='bbox 676 5147 891 5240; x_wconf 85' lang='lat' dir='ltr'>mulctator,</span> <span class='ocrx_word' id='word_1_272' title='bbox 921 5171 1039 5249; x_wconf 89' lang='lat' dir='ltr'>neque</span> <span class='ocrx_word' id='word_1_273' title='bbox 1059 5149 1098 5224; x_wconf 92' lang='lat' dir='ltr'>in</span> <span class='ocrx_word' id='word_1_274' title='bbox 1116 5150 1306 5227; x_wconf 86' lang='lat' dir='ltr'>interfecti</span> <span class='ocrx_word' id='word_1_275' title='bbox 1327 5151 1480 5248; x_wconf 82' lang='lat' dir='ltr'>regione</span> <span class='ocrx_word' id='word_1_276' title='bbox 1500 5177 1609 5252; x_wconf 87' lang='lat' dir='ltr'>sepe·</span> 
     </span>
    </p>
   </div>
   <div class='ocr_carea' id='block_1_11' title="bbox 0 0 1722 5790">
    <p class='ocr_par' dir='ltr' id='par_1_12' title="bbox 0 0 1722 5790">
     <span class='ocr_line' id='line_1_37' title="bbox 0 0 1722 5790; baseline 0 1"><span class='ocrx_word' id='word_1_277' title='bbox 0 0 1722 5790; x_wconf 95' lang='lat' dir='ltr'> </span> 
     </span>
    </p>
   </div>
  </div>
 </body>
</html>
