3436 5790
523 403 715 457 soccnssro
735 403 755 452 ε
775 404 1038 464 τεετειιεατο.
1239 427 1304 471 .·.
1399 379 1473 456 361

94 605 222 697 μένοις
242 588 265 670 δ
285 624 320 669 τι
341 592 602 680 διατίθενται,
632 587 715 664 ἀλλ’
737 585 861 671 αὐτοῦ
877 590 1007 692 μόνου
1035 593 1106 671 τοῦ
1136 599 1364 670 καταλιπεῖν
1392 591 1477 668 δια·

101 720 227 816 θήκας
238 780 249 812 ,
274 718 468 820 μάρτυρας
489 722 749 816 παρίστανται.

688 830 835 920 (leneus
855 828 900 907 de
920 830 1118 908 Nicostrat.
1137 830 1212 909 hcr.
1234 828 1268 932 ξ.
1291 831 1372 924 13.)

736 989 849 1064 1407.

204 1137 448 1212 Testamenta
465 1134 670 1210 condentes
689 1160 772 1209 non·
785 1143 959 1210 tenentur
979 1134 1134 1210 testibus
1154 1135 1296 1229 dicere,
1325 1135 1413 1234 quid
1440 1137 1480 1210 in

101 1261 233 1339 tabulis
253 1263 431 1362 scriptum
449 1262 513 1354 sit,
542 1258 608 1335 sed
625 1258 708 1335 ideo
728 1260 959 1338 solummodo
978 1261 1123 1338 adstare
1146 1261 1301 1361 jubent,
1331 1287 1403 1363 quo
1424 1271 1478 1337 te·

102 1398 245 1465 stentur
262 1395 526 1463 testamentum
545 1410 625 1461 esse
645 1385 824 1463 relictum.

208 1685 404 1777 Διαθηκης
434 1682 560 1772 οὐδεὶς
589 1683 737 1760 πώποτε·
767 1681 988 1791 ἀντίγραφα
1016 1698 1198 1762 ποιεῖται·
1236 1683 1378 1761 τούτου
1406 1681 1479 1789 γὰρ

102 1822 214 1890 ἕνεκα
241 1816 542 1890 καταλείπουσιν
570 1813 607 1887 σί
636 1809 918 1910 διατιθέμενοι,
946 1817 1012 1888 ἵνα
1036 1811 1167 1910 μηδείς
1195 1810 1275 1909 εἰδῇ
1305 1805 1479 1886 ὀίδιατί-

106 1947 248 2019 θενται.
674 1941 887 2034 (Demosth.
906 1941 945 2016 in
964 1940 1144 2044 Stephon.
1165 1944 1214 2035 II,
1237 1939 1372 2032 1137.)

732 2100 845 2176 1408.

208 2248 327 2325 Nemo
346 2272 509 2345 unquam
529 2247 740 2321 testamenti
760 2247 814 2321 sui
844 2257 1015 2347 apertum
1036 2244 1225 2345 exemplar
1253 2244 1351 2321 facit.
1388 2246 1481 2321 Eam

104 2375 201 2451 enim
221 2373 269 2450 ob
289 2399 366 2449 rem
395 2371 606 2471 relinquunt
633 2381 828 2448 testatores
856 2381 1140 2467 testamentum,
1168 2383 1210 2447 ut
1234 2396 1345 2446 nemo
1366 2370 1480 2464 norit,

104 2500 190 2601 quid
209 2497 477 2575 constituerint.

734 2606 846 2681 1409.

208 2743 294 2842 Χρὴ
314 2740 358 2820 τὸ
378 2755 640 2849 γραμματεῖον
656 2747 709 2831 είς
727 2741 797 2820 τὸν
816 2752 950 2839 ἐχῖνον
969 2747 1163 2843 ἐμβαλεῖν,
1191 2749 1260 2818 καί
1279 2741 1350 2821 τὸν
1368 2750 1482 2844 παρέ-

102 2901 225 2969 χοντα
247 2882 476 2970 μαρτυρεῖν,
505 2874 556 2945 ἵν’
576 2876 622 2947 ἐκ
640 2867 705 2960 τῆς
724 2867 908 2962 ἀληθείας
936 2876 1004 2946 καί
1031 2869 1102 2945 τοῦ
1131 2867 1178 2945 τοὶ
1208 2880 1339 2969 σημεῖα
1370 2868 1480 2961 ἰδεῖν,

110 3001 145 3075 οῖ
164 2997 342 3072 δικασταί
361 2992 406 3071 τὸ
427 2994 581 3100 πρᾶγμα
600 2995 729 3100 γνῶσι.

702 3107 914 3201 (Demosth.
933 3108 973 3184 in
992 3106 1170 3209 Stephon.
1190 3109 1219 3203 Ι,
1242 3105 1375 3198 1106.)

741 3271 854 3345 1409.

212 3393 370 3497 Oportet
388 3397 532 3473 tabulas
551 3398 762 3472 testamenti
780 3397 819 3470 in
840 3394 1007 3472 echinum
1027 3396 1229 3495 conjicere,
1251 3407 1288 3470 et
1307 3421 1401 3489 eum,
1422 3394 1484 3495 qni

107 3548 168 3598 eas
187 3521 357 3616 exhibet,
387 3523 532 3617 testari,
551 3533 592 3598 ut
613 3523 808 3599 averitate
828 3532 866 3597 et
883 3521 1114 3623 inspectione
1133 3523 1327 3622 signorum
1340 3518 1484 3619 judices

108 3673 184 3724 rem
202 3660 440 3745 cognoscant.

206 3873 382 3954 Ἀνελεῖν
400 3878 519 3967 ἔξεστι
538 3873 583 3953 τὸ
603 3888 865 3981 γραμματεῖον
883 3873 927 3953 τὸ
955 3875 1055 3978 παροί
1085 3877 1132 3976 τῇ
1160 3874 1259 3979 ἀρχῇ
1288 3881 1483 3975 κείμενον,

108 4007 173 4078 καί
192 4000 338 4108 γράψαι
358 4007 410 4091 είς
429 4011 558 4104 ἕτερον
577 4003 664 4080 εἴτι
682 4002 874 4103 βούλεται.
952 4005 958 4018 ’

755 4119 903 4209 (leneus
924 4115 970 4192 de
987 4115 1179 4215 Cleonym.
1198 4114 1276 4192 her.
1297 4116 1380 4206 25.)

738 4276 850 4352 1410.

212 4401 342 4476 Liceat
370 4401 553 4500 abrogare
582 4403 729 4479 tabulas
757 4404 990 4497 testamenti,
1021 4428 1112 4502 quas
1140 4405 1221 4505 quis
1250 4403 1350 4505 apud
1370 4402 1485 4505 magi-

107 4539 259 4602 stratum
279 4525 522 4627 deposuerat,
551 4540 588 4603 et
606 4528 696 4605 alias
715 4529 894 4624 condere,
927 4529 957 4604 si
976 4527 1089 4605 lubet.

747 4690 858 4766 1411.

216 4808 296 4885 Τὸν
323 4809 565 4910 βουλόμενον
601 4807 752 4891 ἀνελεῖν
786 4809 859 4903 την
887 4808 1102 4903 διαθήκην,
1132 4808 1486 4916 διομολογήσασθαι

107 4941 286 5012 ἐναντίον
323 4934 393 5011 τοῦ
434 4930 623 5035 ἄρχοντος
660 4942 729 5012 καί
765 4936 844 5014 τῶν
871 4935 1065 5038 παρέδρων
1093 4941 1162 5012 καί
1176 4935 1408 5039 μαρτύρων,
1438 4929 1490 5025 οἷς

109 5058 236 5138 οὐκέτ’
257 5057 364 5160 αὐτῷ
383 5066 512 5152 κέηται
533 5054 553 5154 ἧ
576 5061 755 5157 διαθήκη.

787 5177 938 5273 (isaeus
957 5173 1003 5255 dc
1023 5174 1177 5257 Philoct
1198 5173 1274 5256 her.
1294 5171 1376 5274 32.)
