3404 5782
158 401 236 477 410
577 419 885 472 remuneramus
903 419 957 471 an
978 417 1039 473 111.
1061 418 1121 473 111.

157 617 223 695 1111
241 616 288 694 ad
308 639 542 695 communem
572 611 770 722 utilitatem
800 613 952 691 condita
980 614 1110 708 fuerit,
1139 636 1340 710 exaequo
1365 609 1419 688 ad
1441 612 1572 688 omnes

156 745 494 946 pemmonis
516 866 672 965 Leges
699 866 767 959 III,
789 865 887 940 684:
916 864 1087 966 Plerique
1107 863 1443 964 legumlatoribus
1464 887 1572 965 prae·

159 994 321 1096 cipiunt,
334 999 336 1002 ’
349 994 444 1071 tales
473 1004 512 1069 ut
539 992 644 1090 leges
662 990 804 1085 ferant,
834 1017 926 1090 quas
945 991 1076 1094 populi
1097 1002 1134 1068 et
1152 989 1433 1066 multitudines
1453 988 1572 1066 homi-

56 1110 59 1116 *
158 1147 249 1196 num
275 1119 447 1197 lubentes
467 1118 670 1219 accipiant,
701 1117 806 1216 quasi
837 1117 900 1216 qui
929 1117 1239 1193 exercitationum
1270 1116 1485 1216 magistris
1516 1116 1572 1191 vel

156 1245 309 1322 medicis
328 1244 554 1348 praecipiat,
583 1251 624 1318 ut
653 1268 738 1317 cum
766 1243 960 1340 voluptate
989 1251 1120 1318 curent
1138 1252 1358 1342 sanentque
1381 1266 1571 1344 corpora,

157 1397 251 1471 quae
270 1381 413 1449 curant.

752 1469 827 1554 Ad
853 1471 952 1554 101.

262 1639 362 1716 Hinc
380 1650 559 1742 apparet,
589 1636 693 1740 leges
713 1662 789 1715 non
807 1638 847 1712 in
866 1636 1109 1738 praeteritum
1127 1636 1304 1715 valuisse.

261 1766 410 1866 Regula
419 1767 512 1842 haec
522 1764 669 1840 nonnisi
689 1765 757 1839 sub
777 1763 1002 1864 imperatore
1014 1764 1226 1841 Theodosio
1240 1767 1304 1859 11,
1329 1792 1448 1842 anno
1464 1764 1570 1844 Chri·

157 1893 204 1968 sti
224 1892 303 1965 440
321 1890 479 1968 invaluit
498 1890 637 1990 injure
657 1912 824 1966 romano.
864 1888 1019 1988 Legitur
1039 1888 1138 1964 enim
1164 1890 1206 1966 L.
1227 1892 1264 1965 7.
1286 1889 1334 1967 O.
1361 1892 1414 1968 de
1438 1893 1517 1993 leg.
1541 1894 1569 1983 l,

156 2019 227 2091 141
257 2018 404 2116 „Leges
424 2027 461 2091 et
479 2016 763 2093 constitutiones
791 2014 924 2090 futuris
952 2026 1090 2092 certum
1114 2027 1170 2092 est
1188 2015 1279 2092 dare
1300 2016 1489 2094 formam
1509 2045 1569 2095 ne·

153 2144 284 2242 gotiis,
314 2167 390 2219 non
409 2141 457 2218 ad
478 2141 578 2218 facta
597 2141 797 2242 praeterita
816 2140 1020 2218 revocari.“

261 2288 305 2363 In
325 2286 519 2385 Hungaria'
538 2311 637 2364 auno
661 2285 762 2359 1186
791 2287 860 2360 sub
886 2309 974 2385 rege
993 2284 1150 2362 Matthia
1168 2283 1344 2364 Corvino
1369 2290 1569 2367 constitui·

154 2424 234 2502 tur,
254 2423 294 2489 ut
314 2438 469 2510 ,omnes
488 2437 623 2489 causae
644 2422 681 2487 et
699 2410 793 2507 lites,
815 2437 909 2512 quue
930 2413 1110 2488 hactenus
1130 2435 1242 2513 super
1261 2414 1570 2517 quibuscunque

153 2539 263 2613 rebus
284 2549 321 2613 11
338 2538 499 2636 negotiis
517 2548 638 2614 motae
657 2548 762 2632 suut,
789 2535 921 2613 eodem
940 2535 1066 2612 ordine
1087 2547 1123 2611 et
1140 2560 1328 2638 processu
1342 2527 1478 2640 juris,
1500 2567 1570 2642 quo

153 2662 344 2763 hucusque
363 2673 585 2740 consuetum
614 2662 701 2756 fuit,
730 2662 926 2763 prosequi,
955 2661 1161 2754 terminari,
1191 2671 1227 2736 et
1247 2663 1355 2739 finiri
1377 2665 1568 2761 debeant,

153 2790 202 2863 ita
222 2787 412 2882 videlicet,
443 2787 545 2888 quod
573 2767 888 2888 praescripti
917 2786 1121 2863 articuli
1150 2787 1485 2869 solummodo
1516 2791 1567 2867 de

153 2913 342 2989 futuris
372 2925 418 2988 et
451 2938 543 2988 nou
579 2914 636 2988 de
668 2913 966 3014 praeteritis
996 2912 1214 2989 confecti
1248 2912 1564 3016 intelligan-

152 3037 264 3113 tur.“
295 3037 517 3130 (Decretum
536 3036 601 3133 VI,
621 3039 798 3116 articulus
819 3040 901 3130 70.)
1273 3028 1286 3041 ’

259 3178 370 3282 Apud
389 3181 656 3281 Francogullos
685 3183 803 3261 multo
832 3183 972 3259 tardius
1001 3180 1156 3258 invaluit
1173 3183 1264 3260 haec
1283 3186 1435 3285 regula
1458 3189 1562 3290 juris.

154 3308 235 3404 „La
262 3307 313 3382 loi
342 3331 389 3383 ne
414 3305 562 3409 dispose
583 3335 654 3408 que
674 3336 770 3412 pour
789 3309 810 3384 l’
831 3309 983 3403 avenir;
1012 3306 1080 3382 elle
1100 3305 1136 3384 n‘
1157 3336 1179 3385 a
1197 3309 1305 3408 point
1327 3311 1366 3387 d’
1388 3315 1490 3390 effet
1508 3338 1559 3389 re·

150 3432 334 3510 troactif.“
365 3435 517 3528 (Oode
537 3439 639 3541 Nap
653 3440 809 3515 oleon.
840 3436 943 3513 Titre
963 3435 1224 3537 preliminaire.
1245 3439 1304 3530 2.)

257 3578 440 3678 Regulam
459 3607 606 3682 quoque
618 3582 726 3682 juris,
747 3583 848 3682 quod
859 3582 920 3656 lex
939 3580 1125 3680 posterior
1145 3579 1300 3679 deroget
1321 3583 1462 3683 priori,
1485 3586 1557 3660 vim

152 3704 326 3781 habuisse
345 3706 445 3804 apud
465 3705 649 3799 Graecos,
679 3715 783 3808 patet
801 3710 826 3806 [e
847 3704 1035 3781 Plutarchi
1054 3705 1349 3798 Quaestionibus
1370 3711 1554 3785 conviva·

150 3830 248 3905 libus
267 3830 355 3924 (IX,
377 3833 438 3925 13,
459 3831 518 3929 3),
539 3834 603 3910 ubi
622 3833 799 3933 legimus:
829 3830 873 3903 ἕν
901 3859 940 3904 re
968 3825 1130 3932 δόγμασι
1154 3833 1223 3902 καὶ
1244 3824 1385 3927 νόμοις
1408 3831 1554 3933 κυριώ-

149 3981 238 4050 τερα
258 3950 306 4026 rol
326 3949 464 4054 ὕστερα
485 3959 681 4052 νομίζεται
702 3959 771 4028 καὶ
791 3952 1018 4053 βεβαιότερα
1038 3953 1116 4030 τῶν
1136 3951 1305 4053 πρώτων.
1330 3961 1403 4052 (In
1425 3962 1552 4038 decro-

149 4082 197 4156 tis
218 4094 254 4158 et
273 4082 418 4182 legibus
437 4085 644 4186 posteriora
662 4084 849 4186 prioribus
869 4085 954 4185 plus
980 4085 1105 4161 valere
1125 4087 1388 4186 majoremque
1411 4086 1552 4164 habere

149 4206 407 4284 auctoritatem
424 4213 654 4304 censentur.)

256 4351 314 4424 De
333 4352 476 4476 ratione
494 4352 731 4431 ferendarum
751 4354 877 4453 legum
902 4353 1003 4456 apud
1022 4351 1187 4430 Graecos
1206 4353 1361 4456 scripsit
1381 4357 1473 4436 (111.
1494 4360 1548 4436 Fr.

149 4472 406 4551 Hermarruus:
437 4477 787 4575 UberGesetz,
814 4479 1202 4579 Gesctzgebung
1225 4480 1327 4555 und
1355 4499 1547 4583 geseta·

150 4598 1405 4705 gebeudeGewaltimgriechischenAlterthume.
1438 4614 1548 4706 (Got-

147 4726 275 4826 tingae
297 4726 432 4821 1849.)
1407 4726 1425 4758 ⁸

737 4871 813 4955 Ad
839 4873 948 4955 10³.

255 5040 379 5131 Quum
409 5037 534 5139 populi
563 5037 760 5117 multitudo
789 5068 928 5141 magna
956 5052 1053 5116 11111
1081 5064 1271 5141 saepeque
1289 5041 1548 5152 deciperetur,

147 5189 225 5239 non
245 5163 565 5258 animadvertens,
595 5164 745 5241 frausne
765 5167 890 5266 aliqua
908 5168 948 5242 iu
969 5167 1117 5245 decreto
1136 5167 1299 5267 lateret,
1320 5180 1370 5275 pr
