3436 5790
469 404 779 458 commeruimus
796 403 850 455 ιο
870 399 933 456 sn.
952 400 1015 471 ια.
1035 402 1098 471 ses.
1118 401 1188 475 τοι,
1201 401 1265 456 τοι.
1488 382 1562 483 541

762 607 839 692 Ad
872 609 978 693 061.

284 771 343 850 Of.
365 774 476 850 etiam
495 800 532 875 p.
553 775 655 849 1145
677 774 842 877 ejusdem
863 774 1053 852 orationis.

281 896 406 975 Lexic.
436 897 588 997 Seguer.
617 927 653 1001 p.
685 899 783 975 236:
813 888 834 988 ἦ
865 892 998 1000 γραφῆ-
1023 895 1102 971 coir
1130 926 1185 985 τις
1213 887 1355 993 ὤφειλε
1372 895 1566 996 δημοσίων
1613 884 1617 897 ’

174 1017 325 1093 σκευῶν
351 1019 557 1118 τριηρικῶν
584 1019 629 1117 τῇ
656 1017 786 1110 πόλει,
816 1019 1042 1126 διάγραμμα
1061 1027 1246 1100 εἰιαλεῖτο.
1285 1006 1565 1120 (Aetioeontru

171 1147 275 1222 illum
294 1147 449 1243 intenta,
470 1149 535 1248 qui
552 1150 779 1251 reipublicae
799 1149 946 1227 debitor
965 1163 1043 1228 erat
1063 1178 1139 1229 non
1159 1152 1339 1227 restitutis
1353 1151 1562 1229 'triremium

173 1275 431 1368 armamentis,
461 1275 668 1351 vocabatur
686 1256 950 1374 diagramma.)

761 1504 974 1588 auser.
1423 1612 1425 1619 ¹

280 1667 370 1744 Lex.
390 1667 545 1768 Seguer.
566 1696 600 1770 p
620 1670 716 1744 197:
740 1661 979 1753 Ἀντῖὸοσις·
998 1661 1044 1741 τὸ
1063 1660 1296 1756 vivariolum
1315 1662 1460 1743 δοῦναι·
1475 1664 1561 1740 τινά

170 1813 246 1862 τινι
266 1784 511 1889 εὐπορωτῖρῳ
531 1787 624 1888 πρὸς
647 1788 692 1866 τὸ
719 1788 792 1882 τήν
820 1789 1010 1867 δοθεῖσαν
1038 1793 1305 1894 λειτουργίαν,
1336 1788 1562 1888 δατενηροὶν

170 1905 315 2004 οὖσαν,
343 1920 499 1992 εἰιεῖνον
526 1921 783 2022 λειτουργεῖν,
814 1912 839 2008 ἢ
867 1914 915 1992 οὐ
948 1921 1114 1992 θέλοντα
1142 1922 1297 1993 ἐκεῖνον
1323 1921 1562 2020 λειτουργεῖν

171 2033 398 2114 ἀντιδοῦναι
434 2038 506 2132 τήν
542 2042 683 2117 ἑαυτοῦ
720 2047 794 2118 καὶ
828 2041 974 2118 τοῦτον
1011 2033 1274 2141 ἀναλαβόντα
1311 2047 1559 2147 λειτουργεῖν.

171 2166 422 2259 (Permutatio
442 2181 498 2245 est
516 2196 631 2269 quum
660 2169 741 2270 quis
770 2171 967 2247 facultates
996 2196 1082 2246 suas
1109 2169 1173 2245 dat
1192 2170 1298 2245 alteri
1317 2169 1559 2271 opulentiori,

172 2304 212 2366 ut
229 2293 459 2391 assignatum
477 2295 548 2369 sibi
566 2321 720 2388 munus,
751 2304 881 2395 utpote
900 2306 1183 2394 sumptuosum,
1211 2294 1273 2370 ille
1294 2295 1424 2392 obeat,
1450 2297 1510 2371 vel
1529 2296 1560 2371 si

169 2416 282 2512 nolit,
311 2431 499 2518 permutet
525 2420 743 2505 facultates,
772 2445 865 2519 quas
893 2421 957 2517 qui
975 2419 1177 2519 receperit,
1205 2446 1339 2499 munus
1357 2422 1559 2521 perficiat)

278 2544 421 2621 Eadem
449 2545 537 2621 dicit
556 2542 765 2621 Scholiasta
794 2545 833 2621 iu
851 2544 1042 2619 Demosth.
1064 2554 1154 2621 orat.
1176 2546 1204 2621 Ι.
1225 2543 1309 2621 adv.
1329 2544 1558 2646 Philippum,

173 2670 234 2762 50,
260 2671 322 2743 eo.

756 2772 832 2854 Aa
855 2775 971 2856 002.

274 2939 364 3015 Lex.
385 2938 538 3037 Seguer.
558 2968 595 3042 p.
616 2941 713 3016 207:
737 2933 840 3013 ’And
863 2936 1130 3038 μισθιομάτων
1161 2934 1295 3021 θύειν·
1325 2937 1369 3014 τὸ
1391 2935 1458 3027 τοὶς
1479 2945 1555 3014 θυ-

168 3061 252 3146 σίας
267 3067 587 3159 μισθωοαμένους
606 3068 786 3163 παρέχειν
803 3063 851 3160 τῇ
869 3061 974 3140 πόλει
994 3071 1063 3140 καὶ
1089 3074 1169 3152 τοῖς
1187 3057 1352 3163 ἄρχουσι
1372 3061 1420 3139 τοὶ
1440 3067 1555 3163 ἱερεῖα

168 3182 307 3272 εἰςτὰς
336 3185 489 3285 ἑορταῖς,
519 3183 615 3264 ὥστε
643 3187 778 3264 δοκεῖν
798 3193 873 3287 μὲν
899 3186 973 3281 τήν
1000 3188 1115 3266 πόλιν
1142 3197 1212 3266 καί
1240 3188 1333 3281 τούς
1362 3185 1557 3291 ἄρχοντας

169 3309 294 3391 θύειν.
328 3317 379 3408 (Ε
400 3318 571 3393 mercede
591 3317 849 3393 conductionis
867 3320 1077 3396 saonficare
1096 3320 1301 3418 significat,
1333 3331 1374 3395 ut
1391 3319 1463 3412 illi¹
1493 3320 1556 3420 qui

166 3439 304 3515 hostias
331 3441 502 3518 mercede
531 3443 763 3536 conducunt,
802 3444 1009 3545 praebeant
1037 3444 1180 3521 civitati
1208 3457 1248 3520 et
1274 3444 1553 3545 magistratibus

165 3593 272 3643 sacra
296 3567 473 3645 animalia
500 3567 549 3642 ad
568 3568 683 3661 festa,
713 3567 766 3642 ita
794 3578 835 3642 ut
862 3569 994 3647 civitas
1022 3581 1060 3643 et
1086 3569 1329 3668 magistratus¹
1354 3569 1554 3671 videantur

164 3693 389 3785 immolare.)
1558 3690 1560 3695 ’

751 3796 828 3881 Au
852 3798 967 3881 064.

272 3960 383 4063 Apud
402 3960 601 4039 Cretenses
621 3988 667 4040 ex
693 3963 865 4041 omnibus
892 3963 1078 4047 fructibus
1096 3973 1134 4038 et
1153 3962 1351 4063 pecoribus
1372 3962 1488 4054 natis,
1516 3973 1553 4038 et

164 4113 210 4162 ex
238 4087 485 4186 vectigalibus
513 4087 740 4188 reipublicae
768 4089 1000 4181 attributis,
1031 4113 1125 4189 quae
1154 4087 1317 4190 perioeci
1341 4088 1559 4201 pensitant,⁴

164 4239 253 4313 pars
280 4223 382 4287 certa
409 4213 609 4314 praefinita
636 4212 768 4289 estad
797 4239 857 4289 res
881 4212 1027 4290 divinas
1051 4211 1248 4295 faciendas.
1260 4224 1298 4287 et
1316 4211 1552 4315 publicorum

163 4362 360 4412 munerum
387 4337 616 4434 sanctionem
643 4337 762 4417 altera
789 4337 837 4413 ad
867 4337 1041 4417 convivia
1068 4335 1238 4437 publice,
1267 4338 1320 4412 ita
1336 4350 1390 4415 ut
1416 4339 1462 4417 de
1482 4365 1549 4442 pu-

162 4464 261 4538 blico
290 4487 420 4538 omnes
448 4473 486 4537 et
514 4464 689 4539 mulieres
717 4476 755 4539 et
782 4465 888 4564 pueri
916 4475 954 4537 et
981 4463 1051 4538 viri
1080 4463 1238 4541 alantur.
1268 4463 1548 4558 (Aristotel.

161 4589 306 4663 Pone.
327 4589 375 4683 11,
396 4591 432 4684 ι,
451 4590 508 4683 ι.)

749 4692 826 4777 Aa
846 4692 962 4776 066.

267 4858 411 4934 Merces
439 4858 674 4935 comitiorum
700 4859 806 4935 initio
834 4859 943 4934 unius
966 4866 1112 4936 tantum
1130 4858 1230 4943 oboli
1250 4871 1349 4953 erat,
1379 4869 1465 4960 post
1485 4884 1548 4936 au·

160 4996 235 5062 tem
254 4985 366 5060 trium
386 4981 590 5061 obolorum.
629 4987 749 5060 Docet
778 4984 848 5060 hoc
877 4983 1148 5085 Aristophanes
1169 4985 1208 5060 iu
1234 4983 1554 5062 Ecclesiam--

160 5111 228 5186 sis
249 5115 305 5203 (v.
327 5111 559 5202 300-310)
579 5110 725 5204 dicens,
754 5111 856 5187 cives
884 5111 1061 5205 antehac,
1091 5138 1206 5210 quum
1224 5111 1374 5187 unicum
1394 5108 1548 5189 obolum
