3436 5790
160 343 239 432 tlt
567 372 873 431 corrueremus
892 375 945 428 nn
964 369 1009 430 tr
1016 370 1074 428 ro.
1094 368 1138 428 ro

269 568 411 653 Eadem
438 568 569 647 dicunt
597 565 794 646 Aneodota
813 567 960 646 Graeca
977 565 1144 646 Belrlrerr
1162 567 1192 661 1
1222 592 1259 666 p.
1279 563 1370 699 256,
1401 575 1442 642 et
1455 559 1549 666 ary

160 694 386 796 mologiocm
405 694 594 797 Magnum.

234 819 481 898 Secundum
500 818 741 903 Aristotelem
761 819 893 914 (Polit.
911 816 979 914 111,
1003 821 1037 911 Ι,
1057 821 1102 913 4)
1131 820 1223 896 civis
1247 815 1468 920 simpliciter
1495 813 1551 891 di·

161 945 300 1023 candus
319 945 422 1024 nulls
439 938 513 1024 alia
530 970 571 1023 re
590 945 768 1025 delinitur
785 945 925 1044 magis,
953 968 1067 1044 quom
1084 943 1185 1045 quod
1205 944 1253 1020 sit
1270 941 1495 1019 iudiciorum
1513 949 1555 1017 et,

160 1071 445 1170 magistratuum
474 1072 672 1175 particeps.
722 1067 788 1168 Τῷ
811 1072 990 1167 μιιίχιιν
1018 1069 1179 1167 κρίσιος
1203 1051 1441 1164 καὶῒοχῆς..
1473 1062 1552 1141 soc

160 1197 285 1293 κρίσις
320 1197 360 1288 in
396 1197 579 1276 latissimo
614 1209 726 1276 sensu
753 1197 969 1291 summitur,
1008 1220 1078 1273 uec
1093 1193 1153 1272 ‘ad
1174 1193 1318 1298 judicia
1345 1193 1467 1280 solem
1494 1216 1550 1268 re·

160 1321 365 1452 stringitur.

773 1425 849 1512 M
874 1429 939 1515 ll·

268 1591 431 1672 Auctore
451 1591 607 1671 Aeliano
627 1591 754 1686 (Ver
774 1591 885 1669 hist.
905 1590 971 1687 VI,
995 1589 1077 1687 10),
1106 1588 1286 1686 Pericles,
1305 1610 1422 1690 quun
1440 1598 1549 1690 preci

161 1727 221 1794 tcr
238 1728 355 1820 esset,
385 1714 677 1796 Atheniensibus
696 1713 816 1814 legem
844 1716 1012 1818 scripsit,
1042 1696 1096 1795 ut
1111 1714 1300 1815 gerendae
1319 1713 1550 1818 reipublicae

129 1920 136 1939 ,
161 1869 238 1919 non
258 1854 383 1921 essent
401 1843 624 1946 participes,
653 1842 724 1919 nisi
754 1843 816 1943 qui
844 1851 1003 1943 utroque
1033 1852 1188 1945 parente
1208 1841 1290 1917 cive
1310 1851 1431 1916 natus¹
1439 1850 1551 1941 esset,

161 1965 307 2067 Tetigit
332 1979 460 2048 sutem
486 1968 611 2070 ipsum
628 1967 758 2067 'legis
747 1968 853 2047 ratius
872 1966 1001 2050 divine
1017 1969 1122 2051 ultio.
1159 1968 1258 2055 Nam
1275 1965 1351 2051 disc
1369 1965 1456 2060 filii,
1486 1964 1550 2067 qui

162 2103 272 2170 erant
291 2092 387 2195 ipsi,
415 2092 575 2173 rmum
591 2103 631 2171 et
646 2092 910 2197 Xanthippus,
939 2093 1127 2202 communi
1151 2092 1389 2194 pestilentiae
1416 2089 1552 2182 morbo

162 2215 347 2294 obierunt.
383 2216 549 2297 Relictus
576 2230 702 2299 autem
732 2231 923 2321 superstes
952 2232 1008 2301 est
1025 2219 1188 2305 Pericles
1207 2242 1293 2297 cum
1311 2216 1458 2312 nothis,
1483 2215 1553 2316 qui

162 2342 308 2435 exclusi
321 2356 426 2441 erant
443 2345 492 2425 ab
512 2344 808 2427 administranda
827 2345 1020 2448 republica
1037 2371 1107 2449 per
1126 2345 1250 2446 legem
1268 2353 1476 2447 paternam.

269 2459 532 2560 Aristotel
561 2469 735 2561 Oecon.
763 2471 814 2566 11,
833 2472 880 2567 ν2,
900 2470 945 2545 3:
973 2469 1100 2568 Qussm
1127 2471 1228 2572 apud
1254 2469 1459 2572 Byzantius
1486 2467 1550 2607 lep

162 2604 281 2691 esset,
300 2595 609 2683 conlocandum
628 2623 697 2700 pro
717 2597 822 2694 cive,
850 2597 914 2700 qui
933 2621 1009 2677 non
1027 2606 1184 2698 utroque
1204 2606 1361 2700 parente
1379 2593 1462 2673 cive
1481 2619 1549 2697 nra¹

161 2733 221 2799 tus
240 2720 390 2819 fuisset,
420 2731 575 2822 egentes
604 2720 762 2824 pecunia
788 2721 921 2800 scitum
948 2722 1137 2806 lecerunt:
1165 2721 1229 2825 qui
1256 2721 1374 2799 altero
1402 2700 1549 2799 tantum

161 2857 316 2949 parente
333 2845 417 2943 cive
438 2857 546 2924 natus
566 2859 688 2959 esset,
710 2848 743 2925 si
761 2845 1002 2948 persolvisset
1030 2847 1185 2948 triginta
1207 2846 1348 2943 minas,
1374 2843 1447 2950 pro
1466 2846 1548 2941 cive¹

87 3051 100 3084 ι
161 2970 387 3053 habendum.
439 2969 444 2980 '
1502 2986 1506 2999 ’

767 3073 842 3160 M
867 3077 942 3163 12.
976 3089 977 3093 '

267 3237 392 3318 Schol.
416 3238 465 3323 ad
488 3239 662 3325 Aeschiu.
681 3241 870 3341 Timarch.
889 3243 961 3319 39:
985 3235 1132 3340 μηδένα
1158 3237 1238 3318 τῶν
1260 3247 1345 3342 μετ’
1375 3237 1545 3345 statu,

163 3360 232 3454 δην
251 3355 423 3464 όόρχοντα
438 3371 615 3466 μετέχειν
632 3365 698 3458 τῆς
708 3363 850 3453 πόλεως
860 3423 871 3456 ,
892 3360 945 3442 dv
954 3363 1009 3466 μή
1023 3359 1243 3468 ἄμφαιοός
1257 3367 1548 3474 γονέαςᾶσιοόο

162 3488 409 3584 ἐπιδείξηται,
438 3489 530 3580 τούς
558 3492 597 3570 δὲ
617 3523 689 3593 προ
679 3489 970 3571 onlrtdoo’
947 3491 1216 3587 ανιξιτόστους
1235 3491 1437 3593 ἀφεῖσθαι.

268 3621 410 3716 (Nemo
438 3633 523 3725 post
551 3619 743 3700 Euclidem
772 3623 989 3701 archontem
1017 3625 1203 3729 particeps
1232 3627 1280 3703 sit
1305 3626 1487 3725 civitatis,
1516 3626 1547 3711 si

161 3770 239 3822 non
257 3747 461 3826 ostenderit
479 3757 676 3859 patrem
640 3758 679 3827 et
696 3761 853 3828 matrem
871 3751 974 3828 cives
993 3751 1133 3848 fuisse,
1159 3751 1222 3853 qui
1251 3778 1341 3831 vero
1367 3764 1456 3829 ante
1474 3684 1546 3830 hu·

164 3869 298 3948 elidem
318 3873 485 3969 fuerant,
514 3900 591 3950 non
610 3874 811 3956 examinati
831 3875 1078 3969 omittantur.)

268 3996 553 4078 Athenaeus
581 3999 685 4096 XIII,
708 3999 804 4076 577:
834 3998 1063 4144 Aristophon
1093 4012 1217 4079 orator
1244 4002 1367 4103 legem
1395 4005 1547 4106 rogavit

162 4122 339 4199 archonte
359 4124 533 4220 Euclide,
562 4136 603 4200 ut
622 4126 785 4228 quisquis
804 4152 882 4239 non
899 4153 922 4207 e
939 4128 1019 4204 cive
1040 4126 1165 4204 Attica
1181 4140 1290 4206 natus
1310 4142 1427 4225 esset,
1459 4157 1546 4233 spu-

162 4249 238 4323 rius
258 4248 455 4328 haberetur
474 4237 585 4345 (δι’
557 4276 609 4324 αν
623 4246 677 4347 μή
698 4256 737 4342 ἐξ
756 4243 868 4342 doris
887 4254 1060 4354 γένηται,
1090 4249 1219 4329 νόθον
1236 4251 1367 4349 εἶναι).

765 4464 841 4551 αι
866 4467 940 4577 ιι.

268 4625 382 4731 Apud
399 4627 602 4709 Stohaeum
619 4631 775 4726 (serm.
795 4635 858 4731 43,
875 4634 946 4728 48)
963 4645 1051 4738 post
1067 4627 1146 4709 τῶν
1164 4625 1223 4710 cist
1243 4629 1463 4732 κρινόντων
1482 4636 1545 4717 ad·

163 4750 279 4829 ditur:
308 4750 516 4854 ἐμφρόνως.
1529 4812 1532 4817 ,

267 4881 482 4981 Xenophon
509 4883 549 4959 in
577 4881 880 4966 Memorabilibus
906 4882 993 4985 (IV,
1026 4890 1062 4984 4,
1093 4887 1164 4982 lb)
1194 4883 1398 4985 αανιαχοό
1428 4895 1473 4966 ἐν
1498 4883 1544 4987 τῇ

154 4993 314 5077 ‘ulidus
335 4996 452 5103 νόμος
471 5013 595 5080 κεῖται
614 5002 706 5094 νοός
725 5012 882 5097 πολίτας
901 5007 1069 5110 ὀμνύναι
1088 5003 1334 5111 ὁμονοήσειν,
1353 5020 1422 5091 καί
1444 5044 1545 5092 παν-

167 5127 292 5223 ιαχοό
323 5123 514 5226 όμνόοοσι
539 5129 611 5210 τόν
638 5128 763 5235 όνιιον
779 5137 933 5218 occisor.
971 5139 1143 5244 (Ubique
1162 5144 1202 5222 in
1222 5142 1382 5223 Graecia
1399 5145 1461 5224 lex
1479 5173 1545 5248 pos
