3404 5782
152 350 231 427 5⁰8
568 374 875 433 consensimus
896 374 949 425 ‚ru
968 370 1032 439 ror.
1051 372 1116 426 vor.

149 567 354 662 Neaeram,
384 580 425 645 ut
446 569 607 669 jubeant
633 566 757 667 leges,
775 580 824 651 ,et
853 567 991 644 liberos
1017 593 1086 666 pro
1107 564 1330 666 peregrinis
1353 560 1574 645 habendos,

150 690 219 771 Sin
236 718 299 769 eos
317 719 395 771 non
413 720 461 770 er
478 694 569 784 ista,
596 692 662 769 sed
688 715 735 771 ex
753 690 827 779 alia
843 691 999 768 muliere
1020 692 1101 767 cive
1122 717 1203 768 esse
1224 690 1444 781 dicerent,
1479 684 1573 765 desi-

149 828 246 897 stere
266 818 369 902 volui
387 846 411 901 a
427 819 629 897 certamine
647 816 834 910 Neaerae,
859 830 899 894 et
914 819 947 895 ai
966 817 1056 919 quid
1075 815 1308 897 calamitatis
1329 814 1377 891 in
1398 824 1571 893 tormen-

148 944 199 1023 tis
215 945 445 1028 mulierculis
462 945 674 1041 medear,
701 969 863 1047 pensare
881 942 1070 1033 damnum,
1136 1028 1139 1033 ,

604 1107 606 1112 ’
733 1154 809 1238 ne
842 1157 947 1238 ror.

255 1322 385 1424 Lysiae
411 1331 520 1411 cont.
539 1320 692 1421 Agorat.
719 1349 756 1423 p.
778 1322 855 1399 462
884 1316 918 1422 §.
938 1321 1011 1398 27:
1045 1284 1262 1433 Ἀθηναῖοι
1295 1309 1440 1423 rincy,
1475 1309 1569 1390 ciere

148 1438 229 1519 οὐκ
246 1441 439 1521 ἐδεδίεσαν
456 1445 756 1543 βασανισθῆναι.
777 1449 922 1544 (Quum
940 1448 995 1524 illi
1014 1449 1115 1524 cives
1138 1456 1267 1523 essent
1279 1443 1572 1530 Athenienses,

148 1583 332 1649 tormenta
348 1598 426 1649 non
445 1572 783 1666 reformidabant}¹
898 1612 903 1619 ·
934 1595 937 1601 ·

735 1782 811 1867 Ar
836 1757 951 1867 roa.

255 1949 329 2027 Alii
357 1951 612 2051 praetulerunt
639 1951 934 2055 explorationem
961 1952 1190 2047 testimonio,
1221 1950 1288 2028 alii
1322 1961 1472 2029 autem
1500 1950 1574 2029 hoc

148 2073 211 2151 illi.
249 2075 311 2152 Sic
327 2077 522 2154 Demosth.
542 2079 570 2155 Ι.
591 2078 675 2156 adv.
697 2078 955 2178 Onereemp.
974 2078 1071 2152 874:

232 2238 235 2243 ·
255 2201 336 2278 Vos
353 2214 390 2285 et
407 2205 584 2306 privatim
603 2217 640 2283 et
658 2206 808 2309 publice
834 2207 1114 2307 quaestionibus
1135 2231 1203 2311 per
1221 2207 1575 2294 tormenta-factis

149 2354 333 2407 summam
351 2330 464 2433 fidem
482 2331 646 2427 habetis,
672 2344 710 2410 et
726 2359 842 2434 quum
859 2334 956 2431 servi
975 2342 1012 2435 et
1029 2332 1185 2430 ingenui
1204 2330 1382 2425 adsunt,
1418 2343 1461 2408 et
1482 2360 1573 2417 con·

148 2455 331 2535 troversia
350 2456 574 2558 explicanda
592 2469 659 2551 est,
690 2484 766 2536 non
784 2458 929 2535 utimini
948 2457 1168 2533 testimoniis
1187 2456 1485 2552 ingenuorum,
1508 2457 1574 2536 sed

148 2580 265 2677 servis
290 2583 529 2684 torquendis,
557 2583 612 2669 sic
640 2583 833 2662 veritatem
861 2583 1052 2688 exquirere
1081 2580 1249 2661 studetis.
1290 2583 1449 2682 Neque
1472 2584 1576 2684 inin.

147 2705 223 2805 ria,
242 2707 399 2808 judices.
438 2708 702 2787 Namillorum
722 2712 873 2787 testium
891 2709 1023 2811 aliqui,
1037 2711 1118 2811 jam
1136 2707 1229 2785 falsa
1249 2732 1340 2783 esse
1365 2710 1574 2797 testificati

148 2830 372 2933 deprehensi
390 2845 496 2930 sunt;
524 2834 591 2911 sed
619 2834 754 2912 horum
775 2836 1060 2936 ‘quaestionibus
1080 2834 1345 2936 subjectorum
1370 2822 1482 2913 nulli
1503 2863 1571 2914 uu·

148 2983 259 3060 quam
277 2959 316 3035 in
335 2960 529 3039 tormentis
548 2960 729 3058 mendacii
748 2960 951 3064 quidquam
971 2961 1109 3065 dixisse
1128 2959 1316 3061 comperti
1340 2973 1455 3038 sunt

256 3100 393 3179 Eadem
411 3101 526 3178 habet
544 3102 621 3178 fere
640 3101 685 3180 de
715 3102 829 3181 verbo
858 3104 905 3181 ad
934 3104 1090 3181 verbum
1109 3104 1238 3180 lsaeus
1269 3103 1353 3197 (de
1387 3104 1569 3184 Ciron.

148 3227 307 3306 hered.
327 3221 361 3326 ξ.
383 3226 473 3318 12):
494 3225 593 3320 Vos,
607 3226 772 3327 judices,
793 3243 829 3305 et
847 3229 997 3331 publice
1017 3240 1056 3306 et
1074 3229 1248 3333 privatim
1269 3230 1568 3327 quaesitionem

148 3351 390 3434 certissimam
409 3351 556 3429 habetis
574 3353 660 3437 fidei
689 3356 1021 3456 approbationem
1049 3367 1087 3432 et
1105 3356 1143 3431 in
1162 3379 1275 3431 causa
1293 3355 1365 3430 ubi
1388 3383 1489 3435 cum
1505 3361 1563 3433 in·

147 3476 280 3574 geuuis
299 3477 398 3554 servi
417 3503 566 3578 quoque
584 3479 853 3573 interveniant,
882 3481 1021 3582 siquid
1045 3492 1269 3582 quaeratur,
1299 3483 1412 3579 quod
1436 3486 1521 3559 erui
1542 3510 1562 3558 e

148 3624 189 3685 re
206 3600 271 3695 sit,
300 3604 521 3689 testimoniis
538 3606 788 3706 ingenuorum
807 3607 860 3681 nil
879 3608 1043 3700 utimini,
1070 3606 1137 3683 sed
1156 3631 1225 3707 per
1245 3631 1460 3683 servorum
1480 3621 1559 3685 tor-

147 3738 275 3809 menta
294 3731 481 3807 conanimi
501 3757 623 3808 rerum
642 3733 902 3810 certitudinem
920 3734 1114 3834 expiscari.
1152 3733 1199 3823 Et
1217 3730 1356 3808 merito
1376 3732 1559 3834 quidem,

148 3877 238 3937 nam
262 3853 360 3931 bene
388 3856 507 3932 nostis
536 3859 685 3934 testium
715 3858 814 3935 haud
842 3883 981 3959 paucos
1011 3858 1224 3945 testimonia
1263 3856 1410 3951 dixisse
1453 3859 1557 3935 visos

148 3977 261 4054 fuisse
291 3981 489 4076 ementita,
525 4008 718 4059 servorum
748 3994 871 4058 autern
898 3985 1094 4061 tormentis
1128 3984 1395 4083 subjectorum
1425 3982 1554 4060 nullus

149 4126 311 4203 uuquam
329 4105 418 4201 lirit,
446 4108 509 4207 qui
529 4109 722 4185 convictus
740 4120 840 4186 esset
857 4110 953 4186 falsa
971 4110 1041 4186 sub
1061 4109 1256 4186 tormentis
1276 4108 1457 4185 edidisse.

186 4274 190 4283 ·
241 4225 540 4309 Anaximen.
566 4233 763 4311 Rhetor.
791 4233 896 4328 XVI,
921 4237 961 4310 l:
990 4234 1084 4311 Fide
1113 4235 1260 4334 dignior
1288 4244 1347 4310 est
1372 4234 1550 4337 quaestio

150 4355 342 4467 tormentis
361 4357 461 4436 facta
479 4361 648 4438 testibus.
686 4363 784 4439 Nam
803 4363 960 4440 testibus
979 4360 1127 4436 mentiri
1147 4358 1323 4437 conducit
1341 4386 1488 4463 saepe;
1505 4359 1550 4435 iis

151 4491 296 4576 autem,
316 4481 448 4581 quibus
468 4489 702 4585 quaestiones
721 4489 894 4565 admotae
914 4491 1007 4584 sint,
1028 4488 1118 4563 utile
1139 4499 1193 4562 est
1210 4511 1300 4562 vera
1319 4484 1471 4583 dicere3
1496 4487 1548 4562 sic

150 4606 249 4683 enim
269 4608 434 4687 cruciatu
454 4612 646 4689 celerrime
664 4612 880 4689 liberantur.

256 4730 376 4821 Aliter
394 4733 589 4839 Antiphon
610 4738 685 4833 (de
705 4739 854 4817 caede
873 4739 1093 4817 Herodis
1116 4735 1546 4845 §31-32lz-T91t11·

149 4882 212 4933 rae
228 4861 395 4938 animum
413 4863 626 4941 attendite·
640 4866 823 4943 Nimirum
841 4865 935 4941 falso
953 4866 1132 4942 indicavit
1149 4891 1210 4955 me
1228 4864 1554 4973 servusffipiuvel,

149 4982 363 5065 libertatem
380 4987 420 5064 hi
438 4991 699 5092 promiserant,
714 4992 777 5069 vel
794 4992 854 5069 cui
873 5017 917 5067 eo
938 4994 1049 5067 finem
1068 4988 1354 5097 tormentiepipq
1430 4990 1549 5103 Rapit,

151 5109 340 5213 vel-quem
359 5127 557 5217 utrumque
585 5119 789 5219 permovit,
820 5120 910 5198 dum
928 5126 964 5193 et
982 5116 1286 5221 liberatosque
1329 5112 1335 5115 ⁸
1530 5147 1556 5229 ,tp
