3436 5790
177 388 254 464 m
584 409 893 484 comnspranros
914 411 966 458 so
985 404 1139 459 σοι-σοο.

279 600 322 678 Id
341 609 413 676 est:
442 599 619 678 Actiones
647 602 813 701 privatae
833 600 1092 675 nominantur:
1122 600 1342 690 verberum,
1372 556 1556 691 convicii,

172 726 317 820 damni,
338 725 516 825 depositi,
536 726 698 827 repudii,
718 727 838 803 malae
858 726 1109 817 tractationis,
1130 724 1236 815 furti,
1258 722 1388 811 debiti,
1409 733 1556 797 contra-

171 863 270 943 ctus,
295 862 487 951 pactorum
505 852 832 949 transgressionis,
862 850 1105 925 restitutionis
1118 848 1271 949 judicii,
1303 848 1556 938 haereditatis,

170 975 303 1052 domus
330 974 545 1066 locationis,
578 977 739 1064 tutelae,
776 974 1072 1073 ingratitudinis,
1111 975 1307 1064 frumenti,
1346 975 1555 1064 fructuum,

168 1099 347 1176 mercedis
365 1097 515 1196 domus,
535 1101 711 1202 injuriae,
741 1126 848 1176 casus
867 1099 1100 1177 clancularii.
1130 1099 1203 1174 diei
1222 1099 1413 1174 constituti
1434 1108 1555 1173 trana-

167 1224 387 1323 gressionis‚
420 1227 707 1303 controversiae.
755 1224 976 1325 stipulatio,
1011 1223 1249 1324 protestatio,
1284 1221 1556 1312 consideratio,

166 1350 205 1424 in
232 1349 512 1426 manifestorum
540 1351 862 1442 constitutionem,
900 1350 1193 1426 confirmationis
1223 1349 1339 1442 actio,
1372 1347 1555 1423 defectio·

167 1475 245 1566 nis,
266 1475 430 1572 neglecti
448 1476 652 1574 patrocinii.
682 1475 784 1552 Falsi
804 1475 1026 1570 testimonii3
1046 1473 1247 1549 testimonii
1266 1472 1448 1566 desertio;
1477 1497 1556 1548 ma·

166 1597 297 1692 leticii;
325 1599 489 1676 actiones
509 1601 732 1678 convivales.

670 1828 746 1910 Ad
769 1829 1043 1911 oca—cot.

274 2015 444 2112 „Quibus
461 2013 545 2114 ipsa
563 2039 725 2115 persona
747 2014 963 2116 petebatur,
990 2016 1154 2091 actiones
1183 2007 1286 2085 κατά
1313 2038 1437 2097 τινος,
1468 2012 1551 2111 qui·

165 2140 236 2216 bus
255 2165 360 2229 vcro,
376 2140 462 2241 jure
480 2152 738 2235 controversa,
767 2142 869 2217 bona
888 2150 1032 2217 tantum
1053 2166 1168 2240 eaque
1187 2151 1289 2216 certa
1307 2164 1454 2214 summa
1474 2138 1553 2237 peti

165 2274 357 2366 poterant,
388 2257 478 2357 πρός
496 2289 582 2337 τινα
602 2265 908 2366 appellabantur:
937 2264 1116 2340 Romanis
1141 2263 1252 2338 etiam
1272 2261 1552 2339 accuratissime

165 2388 296 2465 eadem
323 2390 487 2482 ratione,
516 2389 716 2463 utrurn‘in
743 2391 959 2488 aliquem
988 2415 1036 2463 an
1065 2388 1306 2464 adversus
1335 2388 1553 2486 aliquem

162 2520 307 2614 spectet
324 2512 441 2603 actio,
461 2511 784 2609 distinguentibus.
814 2516 872 2589 Ita
891 2513 1162 2612 Theopompus
1182 2539 1221 2589 se
1243 2525 1278 2587 et
1297 2513 1436 2587 tutelae
1457 2509 1553 2585 male

162 2649 291 2738 gestae
311 2649 348 2713 et
366 2636 582 2712 hereditatis
600 2637 733 2737 injuste
754 2638 955 2739 acquisitae
974 2637 1183 2712 actionibus
1202 2639 1279 2738 peti
1299 2637 1465 2736 potuisse
1478 2638 1552 2711 ait:

163 2761 201 2834 εἰ
227 2756 289 2849 δὲ,
318 2763 462 2863 pergit,
493 2754 736 2855 μήτεπρὸς
773 2763 853 2856 ἐμὲ
878 2758 973 2856 μήτε
1001 2765 1106 2833 κατ’
1145 2759 1267 2855 ἐμοῦ
1298 2756 1415 2850 δίκην
1444 2756 1548 2833 εἶναι’

150 2909 256 2998 Ιφησι
275 2881 329 2982 τῷ
349 2880 469 2961 παιδί.
498 2887 647 2976 (Isaeus
666 2886 712 2962 de
731 2887 902 2985 Hagniae
923 2887 1047 2962 hered.
1069 2915 1105 2987 p.
1127 2887 1215 2962 288.
1237 2882 1271 2986 ξ.
1292 2887 1399 2977 34).“
1429 2888 1550 2961 Bun·

162 3036 268 3086 sen:
297 3009 352 3085 De
376 3011 462 3111 jure
487 3008 710 3086 hereditario
733 3012 1026 3087 Atheniensium.
1056 3011 1261 3112 Gottingae
1282 3012 1396 3086 1813.
1426 3036 1463 3111 p.
1484 3011 1550 3085 89.

188 3152 193 3165 ’
273 3153 370 3248 „Qui
389 3179 549 3254 poenam
569 3154 616 3229 ab
636 3156 850 3233 adversario
869 3157 1004 3256 repetit
1022 3166 1085 3232 aut
1105 3155 1229 3232 delicti
1258 3156 1415 3256 privati,
1448 3154 1554 3227 velut

161 3278 269 3372 furti,
298 3278 533 3378 injuriarum,
563 3280 815 3373 stellionatus,
845 3293 909 3357 aut
927 3281 1055 3356 violati
1074 3293 1306 3370 contractus,
1336 3290 1402 3355 aut
1421 3277 1551 3354 damni

160 3402 297 3503 injuria
324 3402 421 3497 dati,
449 3402 481 3480 is
510 3397 624 3492 δίκην
651 3400 778 3477 κατά
811 3431 952 3488 τινος
980 3406 1171 3507 instituere
1202 3404 1356 3500 dicitur3
1384 3405 1550 3502 reliquae

161 3525 326 3603 actiones
345 3538 432 3603 sunt
449 3522 541 3625 πρός
559 3531 682 3604 τινα.“
714 3528 1070 3623 (Schoemannz
1097 3515 1350 3630 hutiquitates
1364 3529 1459 3629 juris
1480 3554 1549 3629 pu-

161 3652 249 3729 blici
269 3651 498 3729 Graecomm
518 3681 554 3754 p.
577 3653 686 3747 274.)

269 3794 344 3873 Sed
370 3799 410 3871 iu
439 3799 583 3877 actione
610 3798 759 3899 privata
777 3790 1037 3884 ἀποστασίου,
1069 3823 1163 3896 quae
1183 3798 1252 3874 fuit
1271 3791 1372 3869 κατά
1392 3822 1497 3879 τινος
1519 3795 1549 3887 ¹)

162 3920 334 3997 dominus
362 3948 439 3998 non
468 3926 604 4024 repetit
631 3948 792 4024 poenam
820 3950 843 3998 a
871 3925 1109 3998 manumisso.
1148 3926 1228 4000 Nec
1247 3924 1286 3998 iu
1305 3924 1452 4000 actione
1472 3923 1548 4021 pri-

162 4057 250 4121 vata
267 4045 486 4143 ἐοιτροπῆς,
517 4076 611 4148 quae
632 4048 797 4127 similiter
815 4049 885 4124 fuit
902 4043 1031 4119 κατά
1051 4073 1155 4132 τινος
1174 4052 1219 4144 ²),
1250 4049 1435 4149 reperitur
1454 4048 1549 4148 ejus·

162 4173 262 4248 modi
283 4199 428 4272 poenae
449 4173 630 4274 repetitio.

196 4398 205 4412 .
269 4315 380 4417 Apud
400 4315 635 4391 Meierum
663 4328 700 4392 et
728 4315 1121 4393 Schoemannum
1149 4319 1247 4409 (Der
1266 4315 1434 4395 Attischc
1454 4316 1546 4391 Pro·

161 4467 241 4517 cess
261 4470 296 4545 p.
319 4441 416 4534 167)
436 4442 546 4517 etiarn
571 4439 726 4531 ἐξούλης
747 4437 836 4531 δίκη
864 4443 1000 4518 dicitur
1027 4443 1139 4519 fuisse
1169 4436 1258 4530 δίκη
1286 4436 1415 4513 κατά
1446 4466 1549 4523 τινος

162 4567 278 4660 (actio
297 4567 335 4640 in
356 4568 559 4667 aliquem),
588 4569 652 4644 sed
671 4569 935 4645 Demosthenis
960 4568 1053 4643 30-a
1073 4580 1109 4644 et
1129 4569 1222 4644 31-a
1242 4570 1360 4645 oratio
1379 4570 1548 4647 inscribi-

161 4703 221 4767 tur
249 4695 294 4762 Π
303 4685 376 4785 ρος
399 4684 590 4787 Ὀνήτορα
618 4687 772 4781 ἐξούλης
792 4693 1006 4786 (Adversus
1026 4694 1231 4771 Onetorem
1250 4694 1348 4771 unde
1368 4697 1441 4792 vi),
1471 4723 1550 4771 non

273 4925 308 4997 1)
332 4921 437 4986 Index
462 4923 644 4988 orationum
670 4920 931 4988 Dinarchearum
956 4922 1044 5010 apud
1068 4924 1266 5011 Dionysium
1282 4923 1550 4992 Halicarnassen-

161 5048 247 5092 som:
271 5026 405 5092 XLIX:
433 5029 465 5093 Κ
474 5056 496 5093 α
507 5025 560 5095 roi
578 5024 734 5108 Ἡδύλης
751 5024 970 5096 ἀποστασίου.
988 5069 1027 5079 -
1046 5037 1084 5110 2)
1099 5030 1331 5099 Demosthenis
1346 5034 1450 5101 oratio
1466 5035 1501 5103 K
1512 5062 1549 5101 a·

161 5130 213 5201 ῐᾶ
238 5132 398 5219 Ἀφόβου
421 5133 610 5224 ἐπιτροπῆς.
