3404 5782
703 397 766 448 JUS
783 392 992 449 Pcccrcuu.

743 688 881 791 Τμῆμα
911 690 952 782 ς’.

585 844 736 939 Περὶ
783 832 1106 912 ἀποικιῶν.

764 997 922 1014 ,ΛΛΑἋΑΑᾹΜ

747 1091 936 1168 Sectiob.

637 1239 711 1314 De
758 1235 1044 1312 coloniis.

782 1414 895 1490 1302.

259 1559 305 1632 Οἱ
332 1549 492 1632 ἄποικοι
522 1552 600 1632 οὐκ
628 1560 689 1632 ἐπὶ
713 1554 767 1656 τῷ
788 1552 924 1631 δοῦλοι
942 1550 1027 1630 ἀλλ’
1045 1558 1107 1630 ἐπὶ
1125 1552 1180 1652 τῷ
1199 1543 1338 1649 ὅμοιοι
1357 1560 1451 1638 τοῖς
1471 1555 1549 1626 λει-

151 1689 329 1782 πομένοις
347 1677 446 1757 εἶναι
465 1686 732 1780 ἐκπέμπονται.
1044 1677 1272 1781 (Thucydid.
1293 1680 1325 1773 I,
1347 1680 1444 1772 34.)

781 1806 896 1883 1302.

257 1951 391 2030 Coloni
419 1977 495 2028 non
523 1950 741 2026 emittuntur
768 1975 813 2026 ea
840 1950 1074 2044 conditione,
1103 1958 1145 2023 ut
1162 1948 1238 2024 sint
1256 1950 1383 2043 servi,
1416 1949 1487 2027 sed
1508 1960 1546 2025 ut

151 2078 316 2171 cuniis,
345 2077 408 2179 qui
428 2075 528 2153 domi
546 2075 806 2177 relinquuntur
824 2075 968 2178 aequali
982 2077 1068 2177 jure
1087 2072 1289 2173 gaudeant.

255 2381 326 2474 Μὴ
357 2390 587 2484 παραμελεῖν
615 2384 691 2460 τῶν
720 2382 906 2461 οἰκιστῶν
933 2380 1024 2470 τούς
1043 2379 1256 2473 ἀποίκους,
1284 2389 1330 2456 ἐν
1349 2378 1393 2457 δὲ
1415 2411 1541 2474 πανη-

149 2506 277 2613 γύρεσι
308 2520 388 2598 ταῖς
415 2521 568 2598 κοιναῖς
597 2507 746 2585 διδόναι
775 2517 863 2614 γέρα
891 2506 938 2583 τὰ
970 2507 1203 2608 νομιζόμενα
1231 2511 1300 2581 καὶ
1321 2503 1443 2607 ἀνδρὶ
1464 2506 1538 2583 τῶν

150 2636 335 2712 οἰκιστῶν
354 2634 692 2736 προκατάρχεσθαι
712 2632 789 2711 τῶν
806 2632 926 2733 ἱερῶν.
1036 2634 1267 2735 (Thucydid.
1287 2636 1317 2731 I,
1338 2636 1430 2728 25.)

786 2799 899 2873 1303.

256 2941 389 3018 Coloni
409 2967 455 3017 ne
474 2941 683 3043 despiciant
712 2969 796 3019 suos
826 2943 1056 3035 conditores,
1084 2941 1149 3017 sed
1169 2942 1209 3016 in
1228 2938 1395 3041 publicis
1416 2942 1534 3018 solen·

148 3069 327 3143 nitatibus
347 3078 544 3143 consvetos
564 3068 725 3145 honores
744 3068 835 3169 ipsis
854 3069 1036 3161 tribuant,
1064 3067 1159 3143 etin
1177 3067 1392 3161 sacrificiis,
1424 3094 1534 3170 quum

149 3194 293 3269 viscera
311 3191 555 3288 distribuant,
585 3193 706 3269 avire
724 3194 851 3271 matris
871 3194 1031 3270 civitatis
1050 3193 1301 3295 auspicentur.

251 3488 322 3568 Ἐν
339 3503 418 3580 τοῖς
439 3498 736 3587 Παναθηναίοις
755 3493 872 3569 πᾶσαι
892 3496 931 3568 αἱ
958 3485 1037 3570 ὑπὸ
1066 3493 1145 3568 τῶν
1167 3487 1402 3583 Ἀθηναίων
1422 3489 1533 3571 ἀποι-

148 3624 343 3695 κισθεῖσαι
363 3616 488 3707 πόλεις
506 3619 610 3719 βοῦν
629 3618 897 3719 τυθησόμενον
915 3625 1113 3717 πέμπουσι.

677 3747 818 3842 (Schol.
838 3749 877 3823 in
896 3746 1133 3849 Aristophan.
1153 3746 1293 3824 Nubes.
1315 3746 1433 3843 386.)

786 3910 899 3987 1304.

255 4035 313 4113 Ad
337 4038 435 4114 festa
458 4038 722 4115 Panathenaea
749 4064 878 4114 omnes
897 4039 945 4113 ab
965 4035 1257 4116 Atheniensibus
1276 4038 1459 4117 conditae
1479 4066 1532 4117 cc

147 4162 332 4238 loniarum
350 4163 460 4240 urbes
479 4164 616 4241 bovem
634 4163 873 4241 mactandum
891 4165 1050 4240 mittunt
