3436 5790
513 266 532 307 0
644 311 649 317 .

678 374 751 443 nr
772 384 938 444 urorum.
1461 353 1515 456 ίί

115 573 188 671 μοι
212 575 272 650 ἐπ’
290 569 454 674 &maisin
483 574 717 675 καμνόντων
743 575 845 655 aurci
876 575 1047 680 δύναμιν
1064 586 1132 659 καί
1151 585 1285 688 κρίσιν
1303 584 1419 686 ἐμήν·
1448 593 1510 667 ἐπί

120 695 269 792 δηλήσει
290 699 330 780 δέ
349 706 418 779 καί
437 697 573 802 ἀδικίῃ
592 704 750 806 εἴρξειν·
771 703 819 782 οὐ
840 703 954 781 δώσει’
967 705 1006 783 δέ
1027 703 1124 785 orici
1138 712 1355 812 φάρμακον
1373 711 1507 793 οὐδενί

120 825 296 918 αίτηθείς
344 827 596 929 θανάσιμον,
645 827 736 909 οὐδὲ
771 824 1022 936 ὑφηγήσομαι
1059 837 1300 936 ξαμβουλίην
1335 838 1508 934 τοιήνδε·

119 942 265 1049 δμοίως
283 952 333 1031 ’δέ
363 952 453 1032 οὐδὲ
484 961 645 1061 γυναικί
674 954 817 1034 πεσοὸν
843 955 1019 1057 φθόριον
1045 957 1174 1036 δοίσω·
1213 955 1344 1069 ἐγνῶς
1371 962 1409 1040 δὲ
1439 971 1509 1044 καί

120 1067 236 1167 δοίως
254 1076 464 1180 διατηρήσει
481 1083 576 1181 βίον
593 1077 665 1158 τόν
687 1079 786 1181 ἐμὸν
814 1088 883 1158 καὶ
911 1087 1050 1179 τέχνην
1075 1081 1149 1178 τήν
1176 1086 1294 1186 ἐμήν·
1323 1085 1372 1166 οὐ
1392 1092 1510 1190 τιμία

121 1199 161 1279 δέ
181 1200 276 1280 οὐδέ
287 1203 372 1305 μήν
388 1206 619 1298 λιθιῶντας,
650 1204 853 1308 ἐκχωρήσω
883 1206 921 1285 δὲ
952 1211 1157 1315 ἐργάτηοιν
1176 1209 1335 1315 ἀνδράσι
1356 1213 1510 1317 πρήξιος

119 1325 248 1420 τήςδε·
277 1333 332 1419 είς
359 1333 493 1425 οίκίαςη
517 1328 555 1409 δὲ
586 1326 731 1423 ὁκόσας
758 1328 812 1410 ἂν
839 1336 950 1426 ἐσίω,
984 1334 1228 1438 ἐσελεύσομαι
1256 1341 1315 1418 ἐπ’
1342 1336 1508 1442 ὦφελείη

119 1451 375 1555 καμνόντων,
406 1454 517 1546 ἐκτὸς
545 1453 620 1535 iaia
647 1455 769 1552 ποίσης
797 1454 949 1551 ἀδικίης
973 1465 1151 1563 ἑκουσίης
1169 1469 1238 1540 καί
1259 1468 1427 1565 φθορίης
1444 1465 1510 1559 τῆς

119 1608 160 1656 τε
178 1575 294 1675 ἄλλης
311 1587 381 1659 καί
402 1577 642 1683 ἀφροδισίων
660 1585 804 1688 ἔργων,
825 1583 899 1661 ’ἐπί
919 1611 961 1660 τι
979 1590 1217 1690 γυναικείων
1233 1587 1420 1690 σωμάτων
1437 1597 1508 1669 καί

119 1700 342 1810 ἀνθρώπων
369 1713 582 1809 ἐλευθέριον
604 1739 645 1784 τε
662 1713 733 1786 καί
753 1706 925 1786 δούλιον·
954 1701 983 1783 δι’
1001 1705 1108 1793 aar
1126 1719 1170 1790 ἐν
1190 1719 1375 1814 θεραπείῃ
1395 1711 1419 1810 ἢ
1437 1713 1508 1793 ἴδω

119 1824 342 1923 ἢᾶκούσω,
371 1829 399 1926 ii
423 1837 494 1910 καί
523 1827 620 1910 α’ίνευ
650 1838 850 1933 θεραπείης
877 1820 979 1909 κατὰ
1007 1836 1103 1936 βίον
1131 1834 1373 1941 ἀνθρώπων,
1402 1834 1429 1916 δι’
1441 1837 1507 1940 μή

112 1957 205 2058 χρή7
220 1988 311 2035 ποτε
339 1965 596 2038 ἐκκαλέεσθαι
623 1960 694 2052 ἐξω
704 2017 715 2050 ,
746 1957 968 2064 σιγήσομαι,
999 1953 1142 2060 ἄρρητα
1170 1957 1379 2069 ἡγεύμενος
1400 1943 1506 2044 'sliat

116 2080 164 2158 τοὶ
185 2085 358 2162 τοιαῦτα.
389 2081 546 2185 Ὅρκον
558 2087 635 2182 μὲν
653 2076 730 2160 οὖν
743 2113 815 2183 μοι
832 2081 945 2163 τόνδε
973 2091 1140 2164 ἐπιτελέα
1168 2095 1336 2167 ποιέοντι
1366 2098 1436 2169 καί
1449 2089 1503 2193 μή

115 2216 319 2315 ξυγχίοντι
338 2211 395 2303 εἴη
415 2207 660 2310 ἐπαύρασθαι
679 2213 749 2284 καί
767 2211 862 2308 βίου
881 2238 950 2284 και
978 2215 1110 2307 τέχνης
1120 2270 1131 2303 ,
1162 2212 1409 2319 δοξαζομένῳ
1429 2247 1506 2295 πα.

115 2331 164 2433 pai
194 2334 287 2411 πᾶσι
316 2334 541 2438 ἀνθρώποις
568 2338 622 2422 είς
649 2331 723 2411 τὸν
751 2331 811 2411 ἀεὶ
834 2333 1011 2435 χρόνον,
1050 2343 1333 2440 παραβαίνοντι
1366 2341 1405 2421 δὲ
1435 2349 1505 2422 καί

114 2462 367 2562 ἐπιορκοῦντι
384 2461 575 2541 τάναντία
593 2467 769 2540 τουτέων.
830 2465 1072 2575 (Hippocrat.
1091 2467 1119 2544 J
1120 2469 1396 2571 usjurandum).

763 2606 853 2684 380.

223 2735 524 2815 Medicorum
545 2731 907 2838 jusjurandum
934 2728 1009 2809 Per
1027 2726 1240 2836 Apollinem
1259 2737 1446 2816 medicum
1465 2750 1503 2818 et

114 2857 379 2965 Aesculapium
407 2860 688 2963 Sanitatemque
717 2868 755 2935 et
777 2856 992 2934 Panaceam
1013 2857 1258 2960 jurejurando
1287 2863 1433 2941 affirmo
1466 2877 1505 2944 et

113 2986 204 3065 deos
233 2986 397 3088 deasque
424 3011 558 3063 omnes
584 2989 720 3084 resecr,
749 2989 840 3079 maj>
859 2991 1038 3083 quantum
1063 2984 1204 3061 viribus
1222 2998 1262 3064 et
1273 2986 1416 3089 judicio
1437 3016 1501 3068 va-

114 3111 241 3206 luero,
259 3109 361 3214 qnod
379 3135 483 3188 nunc
494 3110 580 3213 juro
599 3121 638 3186 et
657 3135 703 3186 ex
722 3108 862 3210 scripto
872 3106 1052 3210 spondeo
1071 3108 1185 3209 plane
1202 3110 1503 3192 observaturum

114 3247 398 3339 praeceptorem
416 3235 585 3338 quidem,
602 3233 669 3335 qui
687 3258 747 3310 me
767 3233 864 3310 hanc
882 3243 999 3308 artem
1017 3231 1179 3328 edocuit,
1197 3250 1400 3336 parentum
1418 3239 1506 3318 looo

112 3360 328 3439 habiturum
356 3361 463 3462 eique
491 3385 576 3453 cnm
604 3360 653 3437 ad
680 3359 821 3435 victum
848 3369 929 3434 tum
957 3357 1070 3434 etiam
1085 3357 1135 3434 ad
1152 3384 1266 3437 usum
1288 3366 1510 3471 necessaria

113 3497 221 3586 grato
237 3487 366 3564 animo
382 3486 739 3563 communicatumm
762 3493 802 3560 et
827 3482 1174 3587 suppeditatuuum,
1202 3485 1356 3587 ejusque
1374 3502 1500 3591 posts-

114 3638 174 3690 ros
202 3611 304 3715 apud
331 3638 391 3689 me
421 3610 551 3689 eodem
578 3608 662 3688 loco
692 3636 781 3711 quo*
794 3634 995 3711 germanos
1022 3609 1156 3687 fratres
1179 3609 1280 3704 fore,
1311 3637 1448 3713 eosque
1468 3617 1499 3692 si

114 3734 212 3814 hanc
228 3747 349 3816 artem
366 3736 722 3831 addiscem'voIent,
750 3737 895 3838 absque
921 3735 1095 3814 mercede
1119 3744 1158 3814 et
1172 3736 1395 3840 syngrapha
1412 3737 1500 3817 edo·

113 3873 278 3959 otnrrun,
306 3864 616 3968 praeceptionum
633 3886 782 3965 quoqne
800 3872 839 3940 et
856 3861 1092 3941 auditionunr
1118 3862 1304 3963 totiusque
1332 3863 1510 3966 reliquae

112 3987 332 4093 disciplinae
357 4015 444 4066 aum
470 4014 575 4068 meos
602 3999 642 4066 et
669 3989 750 4092 ejus
775 3990 838 4090 qni
855 4014 917 4067 ms
935 3987 1087 4068 edocuit
1103 3987 1263 4082 ubam,
1286 3998 1370 4066 sum
1388 3986 1499 4068 dnu-

111 4112 221 4216 puios
240 4113 303 4215 qui
320 4114 467 4193 medico
479 4114 727 4217 jurejurando
744 4138 883 4192 nomen
912 4113 1101 4215 iidemque
1129 4112 1317 4207 dederint,
1349 4114 1498 4218 perfici·

111 4261 180 4341 pes
201 4240 408 4335 facturum,
436 4238 595 4318 aliorum
616 4250 811 4341 praeterea
827 4239 1028 4317 neminem
1066 4238 1197 4316 Victus
1215 4258 1365 4341 quoquo
1384 4239 1510 4321 racio-

109 4391 216 4460 nem,
243 4378 421 4468 quantum
439 4365 615 4443 facultate
636 4377 673 4441 et
685 4364 828 4466 judicio
845 4366 1024 4465 consequi
1042 4375 1195 4466 potero,
1224 4365 1348 4464 aegris
1368 4366 1495 4444 utilem

85 4471 170 4568 'ma
187 4491 524 4595 praescripturum,
555 4496 691 4592 eosque
719 4487 769 4567 ab
798 4489 900 4567 omni
928 4515 1030 4566 noxa
1057 4499 1095 4565 et
1122 4488 1260 4591 injuria
1287 4489 1493 4570 vindicatu-

107 4642 201 4694 rum
238 4617 371 4716 Neque
389 4617 608 4719 cujusquam
635 4614 809 4719 precibus
840 4614 1023 4695 adductus
1050 4613 1162 4691 alicui
1180 4614 1496 4696 medicamentum

108 4739 245 4819 lothan
264 4740 495 4845 propinabo,
523 4765 645 4843 nsque
671 4739 782 4843 hujus
811 4741 865 4818 rei
893 4751 1023 4819 auctor
1040 4766 1115 4819 ero.
1148 4741 1286 4842 Neque
1304 4741 1418 4821 simili
1435 4767 1509 4822 ra·v

107 4866 208 4942 tione
228 4867 374 4945 mulieri
401 4893 553 4969 pessum
576 4866 810 4944 subdititium
828 4865 878 4944 ad
895 4866 1039 4945 foetum
1053 4865 1372 4969 corrumpendum
1390 4866 1494 4946 exhi·

106 4986 227 5087 bebo,
251 4993 318 5071 sed
342 5003 485 5073 castam
502 4992 606 5069 stab
624 4991 728 5070 omni
745 4992 886 5069 scelere
907 5016 1040 5094 puram
1056 5002 1137 5068 tum
1155 4992 1274 5069 vitam
1292 5003 1373 5069 tum
1389 5001 1490 5070 aeta-

106 5126 183 5193 tem
211 5139 335 5195 meam
362 5127 545 5220 perpetuo
574 5115 785 5217 praestabo.
823 5111 955 5216 Neque
983 5136 1075 5193 varo
1100 5113 1247 5193 calculo
1275 5116 1513 5195 laborantes-
