3404 5782
156 334 234 411 aad
456 359 764 415 ccuuaaraurcs
783 358 837 412 an
858 350 937 416 seso.
958 355 1142 428 amasses.
1166 352 1264 413 aser.

153 548 306 627 tribadas
326 576 371 628 ae
388 550 601 653 populares.
640 552 855 633 Nonnullae
883 563 1007 634 autem
1034 555 1255 633 societates
1287 561 1458 656 propter
1474 557 1547 633 vola·

153 683 294 775 ptatem
312 677 519 779 comparari
538 677 730 769 videntur,
759 688 801 754 ut
826 678 1002 759 sodalitia
1018 703 1152 758 eorum
1171 679 1250 782 qni
1272 679 1332 758 ad
1351 679 1494 758 cultum
1504 682 1548 760 al·

152 801 259 904 eujus
276 803 439 883 numinis
458 829 541 893 una,
552 803 814 907 epulanturac
833 804 973 885 salum
986 804 1229 904 (θιασωτῶν
1237 801 1548 905 aenaeam)

711 966 963 1124 mrsu.
1057 1099 1060 1103 .

219 1236 222 1241 ·
259 1204 509 1307 Harpocratic
536 1203 575 1279 in
594 1205 640 1276 Π
647 1196 874 1300 lapurdo.
902 1197 1113 1302 Πληρωτὰς
1139 1198 1344 1279 ἐκάλουν
1365 1198 1462 1290 τούς
1476 1199 1547 1279 dra

82 1414 85 1418 Δ
152 1325 328 1418 διδόντας
347 1323 419 1403 τὸν
438 1329 580 1432 ἔρανον
597 1335 679 1414 τοῖς
697 1317 782 1418 ἤτοι
800 1324 994 1423 λαχοῦσιν
1013 1323 1036 1420 ἢ
1052 1323 1320 1426 ιιῶνημένοις.
1365 1324 1462 1413 Eira
1477 1322 1548 1404 tt

153 1442 265 1531 οὗτοι
294 1455 332 1529 οὶ
360 1460 446 1552 παρ’
467 1444 561 1551 ἡμῖν
588 1448 825 1555 καλούμενοι
849 1450 1068 1557 ἐρᾳνάρχαι.
1097 1450 1369 1553 (Πληρωτᾶς
1390 1458 1548 1536 vocabant

150 1607 213 1658 eos
231 1583 294 1683 qui
313 1609 469 1662 eranum
487 1578 695 1660 reddebant
711 1581 776 1677 iia,
806 1582 870 1681 qni
897 1580 966 1660 vel·
987 1583 1117 1662 sortito
1148 1593 1361 1686 ceperant
1392 1584 1456 1662 vel
1478 1609 1547 1661 ene

148 1718 243 1785 rant
271 1708 321 1785 Hi
339 1720 464 1787 antem
481 1709 620 1788 luerint
634 1708 707 1803 illi,
727 1707 790 1809 qui
808 1707 920 1785 nohis
936 1719 1032 1789 sunt,
1046 1709 1427 1803 eranarchae.)

256 1835 492 1912 Eranarchae
519 1845 644 1912 autem
672 1844 781 1912 erant
807 1834 1001 1936 praesides
1030 1831 1180 1935 collegii
1213 1835 1488 1920 eranistarum
1510 1837 1548 1914 nl

148 1984 289 2036 coenae
307 1959 518 2038 collatitiae.

255 2080 316 2162 cf.
335 2083 477 2166 Lexica
494 2084 649 2186 Seguer.
667 2112 705 2189 p.
725 2087 816 2164 203.
853 2084 1088 2166 Salmasii
1114 2084 1336 2171 observat
1363 2086 1549 2190 adjacit

148 2210 494 2290 tionmetllomam
522 2238 553 2289 o.
574 2213 598 2290 l.
626 2211 716 2314 quid
741 2213 792 2290 ait
819 2211 965 2310 ἔρανοι
1002 2214 1096 2291 Item
1125 2211 1370 2295 Heraldi
1400 2212 1550 2295 Animal

148 2359 244 2414 verr.
265 2335 330 2433 vl,
353 2337 474 2436 1-a;
502 2349 540 2416 et
556 2338 595 2417 J.
614 2338 654 2417 J.
672 2335 952 2417 vanHolat:
970 2337 1019 2418 de
1038 2335 1165 2417 eranis
1186 2351 1327 2421 veter.
1349 2340 1550 2422 Graccis

147 2461 277 2563 primis
295 2486 342 2542 ex
353 2463 441 2566 jure
460 2459 595 2542 Attico.
624 2463 767 2563 (Lugd.
786 2464 867 2541 Bat
889 2463 1024 2556 1832.)
1176 2539 1180 2547 .

727 2692 805 2778 Μ
821 2695 965 2780 atu.

154 2916 157 2921 ·
253 2859 543 2941 Athenaeus
562 2861 669 2956 XIII,
690 2860 788 2938 612:
811 2858 987 2938 Socrates
1006 2880 1116 2937 usum
1132 2874 1553 2964 unguentorumque

145 2984 193 3063 lis
210 2986 326 3088 vulgo
342 2987 508 3080 obtinet.
533 2985 833 3087 improbaverat:
862 2984 920 3061 cui
948 2982 1069 3063 eidem
1093 2983 1168 3061 arti
1189 2982 1335 3067 Solon
1356 2989 1452 3093 lege
1469 3012 1552 3068 aare·

147 3121 210 3189 rat
227 3135 275 3190 ne
294 3111 353 3188 vir
370 3112 567 3214 quisquam
585 3122 785 3214 praeesset

721 3321 798 3406 M
814 3323 959 3408 1⁸40.

254 3491 313 3570 Ad
333 3491 456 3571 Schol.
478 3489 626 3567 Pindar.
657 3489 764 3566 Nem.
783 3490 832 3585 X,
853 3489 925 3565 64:
954 3481 1034 3561 οὐκ
1054 3485 1133 3561 ἔστι
1153 3482 1197 3562 δέ
1219 3488 1425 3596 ἐξαγωγή
1445 3493 1556 3568 ἐλαίου

145 3623 185 3708 ἐξ
208 3612 418 3708 Ἀθηνῶν,
446 3617 484 3690 εἰ
495 3610 550 3712 μὴ
570 3623 651 3700 τοῖς
675 3612 834 3703 νικῶσι,
860 3626 1017 3693 annotm
1044 3612 1181 3691 Beckh
1216 3616 1376 3710 (Tem.
1397 3624 1429 3699 I.
1449 3649 1486 3722 p.
1503 3620 1557 3710 tl)

146 3745 444 3848 exportationem
461 3744 533 3822 clei
552 3768 628 3820 non
647 3742 763 3820 faisse
780 3742 1025 3836 illimitatam,
1049 3741 1088 3818 id
1107 3750 1166 3817 est
1186 3768 1214 3819 a
1234 3746 1464 3847 vectigalis
1480 3747 1557 3826 solu

144 3869 245 3947 tione
263 3872 486 3963 immunem,
505 3869 577 3946 nisi
596 3869 801 3947 victoribus
820 3867 1113 3971 panathenaicis.

96 4110 101 4123 ἡ
252 4011 310 4090 cf.
330 4012 442 4116 Corp.
462 4014 572 4089 inser.
590 4038 646 4110 gr.
668 4013 733 4090 Nr.
752 4012 842 4108 355,
872 4011 936 4089 ubi
965 4011 1179 4088 continetur
1206 4013 1420 4098 Hadriani
1450 4019 1557 4098 decre·

105 4223 108 4232 ,
146 4146 224 4215 tum
243 4137 289 4216 de
310 4139 567 4244 asportatione
587 4137 670 4214 olei.

726 4310 803 4398 Ad
820 4312 965 4396 1547.

254 4482 502 4560 Plutarch.
531 4481 627 4560 Sol.
656 4482 718 4557 24.
764 4481 822 4558 Ne
845 4480 925 4583 jam
955 4477 1068 4556 fidem
1096 4477 1261 4556 omnino
1295 4485 1557 4588 abrogandam

148 4607 334 4712 quispiam
353 4619 458 4707 putet
476 4610 568 4703 illis,
597 4608 661 4710 qui
688 4606 816 4684 dicunt
842 4609 979 4684 ficuum
1007 4628 1155 4706 quoque
1174 4608 1414 4712 antiquitus
1433 4614 1556 4692 aucn’o

147 4760 235 4811 nem
253 4733 491 4839 prohibitam,
509 4734 670 4838 indeque
688 4761 706 4811 s
715 4760 742 4836 y
753 4758 807 4810 co
816 4731 944 4835 phau
955 4739 1030 4808 tas
1048 4729 1214 4832 primum
1237 4736 1492 4836 nominatos,
1507 4738 1557 4842 qni

147 4862 285 4940 ficuum
304 4868 564 4963 exportatorea
581 4859 799 4938 indicarent.

255 5004 541 5085 Athenaeus
558 5006 627 5101 ΙΙΙ,
647 5003 720 5080 74:
748 5006 845 5081 Ister
861 5003 900 5079 in
922 4999 1054 5080 Atticis
1071 5000 1143 5075 ait:
1164 5003 1349 5089 vetitum
1368 5011 1487 5092 luisse
1504 5011 1555 5091 lt

146 5131 244 5217 aaa>
256 5142 456 5242 exportare
474 5131 582 5230 firm,
602 5141 644 5212 ut
661 5129 732 5212 soli
749 5129 951 5229 indigenae
967 5127 1014 5206 iis
1031 5139 1287 5212 vescerentur
1298 5164 1322 5215 ι
1334 5165 1556 5240 clamavero
