<?xml version="1.0" encoding="UTF-8"?>
<!DOCTYPE html PUBLIC "-//W3C//DTD XHTML 1.0 Transitional//EN"
    "http://www.w3.org/TR/xhtml1/DTD/xhtml1-transitional.dtd">
<html xmlns="http://www.w3.org/1999/xhtml" xml:lang="en" lang="en">
 <head>
  <title>
</title>
<meta http-equiv="Content-Type" content="text/html;charset=utf-8" />
  <meta name='ocr-system' content='tesseract 3.04.00' />
  <meta name='ocr-capabilities' content='ocr_page ocr_carea ocr_par ocr_line ocrx_word'/>
</head>
<body>
  <div class='ocr_page' id='page_1' title='image "./synaggtnattiknn00tlgoog_0444.png"; bbox 0 0 3404 5782; ppageno 0'>
   <div class='ocr_carea' id='block_1_1' title="bbox 153 399 1066 476">
    <p class='ocr_par' dir='ltr' id='par_1_1' title="bbox 153 399 1066 476">
     <span class='ocr_line' id='line_1_1' title="bbox 153 399 1066 476; baseline -0.007 0"><span class='ocrx_word' id='word_1_1' title='bbox 153 399 232 476; x_wconf 62' lang='lat'><strong>22⁰</strong></span> <span class='ocrx_word' id='word_1_2' title='bbox 620 419 929 474; x_wconf 70' lang='lat' dir='ltr'><strong>consumamus</strong></span> <span class='ocrx_word' id='word_1_3' title='bbox 947 418 1001 471; x_wconf 79' lang='lat' dir='ltr'><strong>sn</strong></span> <span class='ocrx_word' id='word_1_4' title='bbox 1020 412 1066 470; x_wconf 79' lang='lat' dir='ltr'><strong>rr.</strong></span> 
     </span>
    </p>
   </div>
   <div class='ocr_carea' id='block_1_2' title="bbox 152 603 1563 1094">
    <p class='ocr_par' dir='ltr' id='par_1_2' title="bbox 152 603 1563 1094">
     <span class='ocr_line' id='line_1_2' title="bbox 154 603 1563 718; baseline -0.008 -25"><span class='ocrx_word' id='word_1_5' title='bbox 154 615 339 718; x_wconf 83' lang='lat' dir='ltr'><strong>equestris</strong></span> <span class='ocrx_word' id='word_1_6' title='bbox 371 621 641 711; x_wconf 88' lang='lat' dir='ltr'><strong>trecentorum,</strong></span> <span class='ocrx_word' id='word_1_7' title='bbox 680 613 811 691; x_wconf 88' lang='lat' dir='ltr'><strong>tertius</strong></span> <span class='ocrx_word' id='word_1_8' title='bbox 848 623 885 688; x_wconf 90' lang='lat' dir='ltr'><strong>et</strong></span> <span class='ocrx_word' id='word_1_9' title='bbox 920 612 1069 688; x_wconf 87' lang='lat' dir='ltr'><strong>infimus</strong></span> <span class='ocrx_word' id='word_1_10' title='bbox 1102 606 1373 706; x_wconf 86' lang='lat' dir='ltr'><strong>Zeugitarum,</strong></span> <span class='ocrx_word' id='word_1_11' title='bbox 1417 603 1563 683; x_wconf 88' lang='lat' dir='ltr'><strong>ducen-</strong></span> 
     </span>
     <span class='ocr_line' id='line_1_3' title="bbox 152 755 284 820; baseline -0.008 0"><span class='ocrx_word' id='word_1_12' title='bbox 152 755 284 820; x_wconf 72' lang='lat' dir='ltr'><strong>comm</strong></span> 
     </span>
     <span class='ocr_line' id='line_1_4' title="bbox 258 850 1482 957; baseline -0.011 -12"><span class='ocrx_word' id='word_1_13' title='bbox 258 864 400 948; x_wconf 72' lang='lat' dir='ltr'><strong>Eadem</strong></span> <span class='ocrx_word' id='word_1_14' title='bbox 419 863 507 944; x_wconf 85' lang='lat' dir='ltr'><strong>dicit</strong></span> <span class='ocrx_word' id='word_1_15' title='bbox 525 863 661 952; x_wconf 77' lang='lat' dir='ltr'><strong>suidas</strong></span> <span class='ocrx_word' id='word_1_16' title='bbox 678 892 707 943; x_wconf 92' lang='lat' dir='ltr'><strong>s.</strong></span> <span class='ocrx_word' id='word_1_17' title='bbox 729 891 764 942; x_wconf 84' lang='lat' dir='ltr'><strong>v.</strong></span> <span class='ocrx_word' id='word_1_18' title='bbox 787 854 944 953; x_wconf 79' lang='grc' dir='ltr'><strong><em>Ἶιιτάς,</em></strong></span> <span class='ocrx_word' id='word_1_19' title='bbox 967 853 1132 950; x_wconf 77' lang='grc' dir='ltr'><strong><em>Ἷιιπεῖς,</em></strong></span> <span class='ocrx_word' id='word_1_20' title='bbox 1160 863 1208 934; x_wconf 71' lang='grc' dir='ltr'><strong>ἐκ</strong></span> <span class='ocrx_word' id='word_1_21' title='bbox 1224 850 1482 957; x_wconf 74' lang='grc' dir='ltr'><strong><em>τιμημάτων.</em></strong></span> 
     </span>
     <span class='ocr_line' id='line_1_5' title="bbox 244 989 999 1094; baseline -0.009 -24"><span class='ocrx_word' id='word_1_22' title='bbox 244 990 351 1070; x_wconf 62' lang='lat' dir='ltr'><strong>vIteru</strong></span> <span class='ocrx_word' id='word_1_23' title='bbox 371 991 580 1069; x_wconf 72' lang='lat' dir='ltr'><strong>Scholiasta</strong></span> <span class='ocrx_word' id='word_1_24' title='bbox 597 992 636 1067; x_wconf 90' lang='lat' dir='ltr'><strong>in</strong></span> <span class='ocrx_word' id='word_1_25' title='bbox 656 990 827 1094; x_wconf 78' lang='lat' dir='ltr'><strong>Thucyd.</strong></span> <span class='ocrx_word' id='word_1_26' title='bbox 848 990 916 1083; x_wconf 86' lang='lat'><strong>111,</strong></span> <span class='ocrx_word' id='word_1_27' title='bbox 938 989 999 1064; x_wconf 82' lang='lat'><strong>16.</strong></span> 
     </span>
    </p>
   </div>
   <div class='ocr_carea' id='block_1_3' title="bbox 150 1138 1565 2131">
    <p class='ocr_par' dir='ltr' id='par_1_3' title="bbox 150 1138 1565 2131">
     <span class='ocr_line' id='line_1_6' title="bbox 258 1138 1563 1245; baseline -0.008 -15"><span class='ocrx_word' id='word_1_28' title='bbox 258 1150 337 1230; x_wconf 86' lang='lat' dir='ltr'><strong>Sub</strong></span> <span class='ocrx_word' id='word_1_29' title='bbox 365 1150 513 1231; x_wconf 80' lang='lat' dir='ltr'><strong>Theseo</strong></span> <span class='ocrx_word' id='word_1_30' title='bbox 540 1138 614 1230; x_wconf 89' lang='lat' dir='ltr'><strong>alia</strong></span> <span class='ocrx_word' id='word_1_31' title='bbox 641 1150 711 1229; x_wconf 85' lang='lat' dir='ltr'><strong>fuit</strong></span> <span class='ocrx_word' id='word_1_32' title='bbox 738 1151 876 1228; x_wconf 89' lang='lat' dir='ltr'><strong>civium</strong></span> <span class='ocrx_word' id='word_1_33' title='bbox 904 1148 1059 1245; x_wconf 82' lang='lat' dir='ltr'><strong>divisi03</strong></span> <span class='ocrx_word' id='word_1_34' title='bbox 1087 1158 1178 1224; x_wconf 91' lang='lat' dir='ltr'><strong>teste</strong></span> <span class='ocrx_word' id='word_1_35' title='bbox 1208 1145 1310 1223; x_wconf 91' lang='lat' dir='ltr'><strong>enim</strong></span> <span class='ocrx_word' id='word_1_36' title='bbox 1340 1144 1563 1224; x_wconf 78' lang='lat' dir='ltr'><strong>Plutarcho</strong></span> 
     </span>
     <span class='ocr_line' id='line_1_7' title="bbox 152 1265 1563 1382; baseline -0.006 -29"><span class='ocrx_word' id='word_1_37' title='bbox 152 1270 370 1372; x_wconf 73' lang='lat' dir='ltr'><strong>(Theseu</strong></span> <span class='ocrx_word' id='word_1_38' title='bbox 380 1304 408 1355; x_wconf 88' lang='lat' dir='ltr'><strong>s.</strong></span> <span class='ocrx_word' id='word_1_39' title='bbox 437 1280 521 1372; x_wconf 82' lang='lat'><strong>25.)</strong></span> <span class='ocrx_word' id='word_1_40' title='bbox 549 1278 690 1382; x_wconf 86' lang='lat' dir='ltr'><strong>primus</strong></span> <span class='ocrx_word' id='word_1_41' title='bbox 719 1276 896 1355; x_wconf 79' lang='lat' dir='ltr'><strong>discrevit</strong></span> <span class='ocrx_word' id='word_1_42' title='bbox 924 1300 1088 1352; x_wconf 89' lang='lat' dir='ltr'><strong>seorsum</strong></span> <span class='ocrx_word' id='word_1_43' title='bbox 1114 1272 1291 1376; x_wconf 89' lang='lat' dir='ltr'><strong>patricios</strong></span> <span class='ocrx_word' id='word_1_44' title='bbox 1321 1265 1563 1369; x_wconf 70' lang='grc' dir='ltr'><strong><em>(Εὐπατρι-</em></strong></span> 
     </span>
     <span class='ocr_line' id='line_1_8' title="bbox 152 1391 1564 1505; baseline 0.002 -31"><span class='ocrx_word' id='word_1_45' title='bbox 152 1400 260 1499; x_wconf 56' lang='lat' dir='ltr'><strong>aar),</strong></span> <span class='ocrx_word' id='word_1_46' title='bbox 293 1402 479 1504; x_wconf 80' lang='lat' dir='ltr'><strong>agricolas</strong></span> <span class='ocrx_word' id='word_1_47' title='bbox 507 1398 780 1501; x_wconf 82' lang='grc' dir='ltr'><strong><em>(Γεομόροας)</em></strong></span> <span class='ocrx_word' id='word_1_48' title='bbox 808 1414 845 1480; x_wconf 89' lang='lat' dir='ltr'><strong>et</strong></span> <span class='ocrx_word' id='word_1_49' title='bbox 872 1401 1023 1505; x_wconf 90' lang='lat' dir='ltr'><strong>opifices</strong></span> <span class='ocrx_word' id='word_1_50' title='bbox 1052 1391 1392 1501; x_wconf 80' lang='grc' dir='ltr'><strong><em>(Δημιουργούς).</em></strong></span> <span class='ocrx_word' id='word_1_51' title='bbox 1432 1398 1564 1502; x_wconf 83' lang='lat' dir='ltr'><strong>Atque</strong></span> 
     </span>
     <span class='ocr_line' id='line_1_9' title="bbox 152 1523 1562 1629; baseline -0.001 -25"><span class='ocrx_word' id='word_1_52' title='bbox 152 1553 267 1629; x_wconf 92' lang='lat' dir='ltr'><strong>quum</strong></span> <span class='ocrx_word' id='word_1_53' title='bbox 285 1527 451 1628; x_wconf 88' lang='lat' dir='ltr'><strong>patriciis</strong></span> <span class='ocrx_word' id='word_1_54' title='bbox 466 1531 528 1625; x_wconf 88' lang='lat' dir='ltr'><strong>jus</strong></span> <span class='ocrx_word' id='word_1_55' title='bbox 549 1531 794 1607; x_wconf 78' lang='lat' dir='ltr'><strong>concessisset</strong></span> <span class='ocrx_word' id='word_1_56' title='bbox 812 1554 871 1606; x_wconf 90' lang='lat' dir='ltr'><strong>res</strong></span> <span class='ocrx_word' id='word_1_57' title='bbox 890 1526 1033 1603; x_wconf 87' lang='lat' dir='ltr'><strong>divinas</strong></span> <span class='ocrx_word' id='word_1_58' title='bbox 1053 1523 1326 1626; x_wconf 89' lang='lat' dir='ltr'><strong>cognoscendi,</strong></span> <span class='ocrx_word' id='word_1_59' title='bbox 1349 1527 1562 1626; x_wconf 85' lang='lat' dir='ltr'><strong>magistra·</strong></span> 
     </span>
     <span class='ocr_line' id='line_1_10' title="bbox 151 1651 1563 1752; baseline -0.001 -24"><span class='ocrx_word' id='word_1_60' title='bbox 151 1663 209 1729; x_wconf 89' lang='lat' dir='ltr'><strong>tus</strong></span> <span class='ocrx_word' id='word_1_61' title='bbox 227 1674 251 1729; x_wconf 79' lang='lat' dir='ltr'><strong>&#39;e</strong></span> <span class='ocrx_word' id='word_1_62' title='bbox 270 1676 339 1728; x_wconf 89' lang='lat' dir='ltr'><strong>suo</strong></span> <span class='ocrx_word' id='word_1_63' title='bbox 358 1652 487 1730; x_wconf 86' lang='lat' dir='ltr'><strong>ordine</strong></span> <span class='ocrx_word' id='word_1_64' title='bbox 507 1654 680 1744; x_wconf 89' lang='lat' dir='ltr'><strong>creandi,</strong></span> <span class='ocrx_word' id='word_1_65' title='bbox 709 1666 745 1730; x_wconf 90' lang='lat' dir='ltr'><strong>et</strong></span> <span class='ocrx_word' id='word_1_66' title='bbox 764 1664 805 1730; x_wconf 90' lang='lat' dir='ltr'><strong>ut</strong></span> <span class='ocrx_word' id='word_1_67' title='bbox 827 1653 930 1752; x_wconf 89' lang='lat' dir='ltr'><strong>leges</strong></span> <span class='ocrx_word' id='word_1_68' title='bbox 959 1651 1152 1744; x_wconf 86' lang='lat' dir='ltr'><strong>docerent,</strong></span> <span class='ocrx_word' id='word_1_69' title='bbox 1179 1676 1289 1728; x_wconf 88' lang='lat' dir='ltr'><strong>sacra</strong></span> <span class='ocrx_word' id='word_1_70' title='bbox 1308 1661 1352 1727; x_wconf 88' lang='lat' dir='ltr'><strong>et</strong></span> <span class='ocrx_word' id='word_1_71' title='bbox 1373 1652 1563 1730; x_wconf 86' lang='lat' dir='ltr'><strong>caerimo-</strong></span> 
     </span>
     <span class='ocr_line' id='line_1_11' title="bbox 154 1775 1565 1881; baseline -0.002 -28"><span class='ocrx_word' id='word_1_72' title='bbox 154 1779 234 1854; x_wconf 86' lang='lat' dir='ltr'><strong>nias</strong></span> <span class='ocrx_word' id='word_1_73' title='bbox 253 1776 403 1879; x_wconf 89' lang='lat' dir='ltr'><strong>reliquis</strong></span> <span class='ocrx_word' id='word_1_74' title='bbox 423 1776 567 1855; x_wconf 87' lang='lat' dir='ltr'><strong>civibus</strong></span> <span class='ocrx_word' id='word_1_75' title='bbox 585 1780 929 1881; x_wconf 82' lang='lat' dir='ltr'><strong>interpretarentur,</strong></span> <span class='ocrx_word' id='word_1_76' title='bbox 954 1777 1058 1879; x_wconf 90' lang='lat' dir='ltr'><strong>quasi</strong></span> <span class='ocrx_word' id='word_1_77' title='bbox 1076 1775 1124 1852; x_wconf 88' lang='lat' dir='ltr'><strong>ad</strong></span> <span class='ocrx_word' id='word_1_78' title='bbox 1141 1776 1470 1877; x_wconf 84' lang='lat' dir='ltr'><strong>aequabilitatem</strong></span> <span class='ocrx_word' id='word_1_79' title='bbox 1491 1780 1565 1873; x_wconf 78' lang='grc' dir='ltr'><strong>(εἰς</strong></span> 
     </span>
     <span class='ocr_line' id='line_1_12' title="bbox 155 1894 1565 2008; baseline 0.004 -33"><span class='ocrx_word' id='word_1_80' title='bbox 155 1901 264 1998; x_wconf 83' lang='grc' dir='ltr'><strong><em>ἴσον)</em></strong></span> <span class='ocrx_word' id='word_1_81' title='bbox 291 1894 484 1981; x_wconf 84' lang='lat' dir='ltr'><strong>constituit</strong></span> <span class='ocrx_word' id='word_1_82' title='bbox 511 1904 800 2008; x_wconf 86' lang='lat' dir='ltr'><strong>rempublicam,</strong></span> <span class='ocrx_word' id='word_1_83' title='bbox 839 1904 938 2007; x_wconf 91' lang='lat' dir='ltr'><strong>quod</strong></span> <span class='ocrx_word' id='word_1_84' title='bbox 967 1903 1149 2001; x_wconf 87' lang='lat' dir='ltr'><strong>dignitate</strong></span> <span class='ocrx_word' id='word_1_85' title='bbox 1178 1902 1352 2003; x_wconf 90' lang='lat' dir='ltr'><strong>patricii,</strong></span> <span class='ocrx_word' id='word_1_86' title='bbox 1398 1903 1565 1982; x_wconf 86' lang='lat' dir='ltr'><strong>utilitate</strong></span> 
     </span>
     <span class='ocr_line' id='line_1_13' title="bbox 150 2027 1199 2131; baseline -0.002 -26"><span class='ocrx_word' id='word_1_87' title='bbox 150 2028 354 2131; x_wconf 78' lang='lat' dir='ltr'><strong>agricolae,</strong></span> <span class='ocrx_word' id='word_1_88' title='bbox 375 2029 536 2108; x_wconf 84' lang='lat' dir='ltr'><strong>artifices</strong></span> <span class='ocrx_word' id='word_1_89' title='bbox 555 2054 707 2109; x_wconf 89' lang='lat' dir='ltr'><strong>numero</strong></span> <span class='ocrx_word' id='word_1_90' title='bbox 727 2029 944 2107; x_wconf 88' lang='lat' dir='ltr'><strong>viderentur</strong></span> <span class='ocrx_word' id='word_1_91' title='bbox 962 2027 1199 2131; x_wconf 89' lang='lat' dir='ltr'><strong>praecellere.</strong></span> 
     </span>
    </p>
   </div>
   <div class='ocr_carea' id='block_1_4' title="bbox 148 2183 1568 3170">
    <p class='ocr_par' dir='ltr' id='par_1_4' title="bbox 259 2183 1568 2294">
     <span class='ocr_line' id='line_1_14' title="bbox 259 2183 1568 2294; baseline -0.002 -28"><span class='ocrx_word' id='word_1_92' title='bbox 259 2191 411 2271; x_wconf 81' lang='lat' dir='ltr'><strong>Bekker</strong></span> <span class='ocrx_word' id='word_1_93' title='bbox 439 2190 577 2273; x_wconf 81' lang='lat' dir='ltr'><strong>Anecd.</strong></span> <span class='ocrx_word' id='word_1_94' title='bbox 604 2218 659 2291; x_wconf 87' lang='lat' dir='ltr'><strong>gr.</strong></span> <span class='ocrx_word' id='word_1_95' title='bbox 680 2221 715 2294; x_wconf 91' lang='lat' dir='ltr'><strong>p.</strong></span> <span class='ocrx_word' id='word_1_96' title='bbox 736 2193 834 2267; x_wconf 84' lang='lat'>257:</span> <span class='ocrx_word' id='word_1_97' title='bbox 864 2183 1103 2287; x_wconf 78' lang='grc' dir='ltr'><strong><em>Εὐπατρίδαι</em></strong></span> <span class='ocrx_word' id='word_1_98' title='bbox 1131 2183 1358 2264; x_wconf 79' lang='grc' dir='ltr'><strong><em>καλοῦνται</em></strong></span> <span class='ocrx_word' id='word_1_99' title='bbox 1393 2192 1435 2266; x_wconf 76' lang='grc' dir='ltr'><strong>οἱ</strong></span> <span class='ocrx_word' id='word_1_100' title='bbox 1468 2185 1568 2268; x_wconf 77' lang='grc' dir='ltr'><strong><em>αὐτὸ</em></strong></span> 
     </span>
    </p>

    <p class='ocr_par' dir='ltr' id='par_1_5' title="bbox 148 2306 1568 3170">
     <span class='ocr_line' id='line_1_15' title="bbox 151 2306 1568 2419; baseline 0.003 -30"><span class='ocrx_word' id='word_1_101' title='bbox 151 2309 194 2389; x_wconf 85' lang='grc' dir='ltr'><strong>τὸ</strong></span> <span class='ocrx_word' id='word_1_102' title='bbox 217 2306 316 2389; x_wconf 69' lang='lat' dir='ltr'><strong>doro</strong></span> <span class='ocrx_word' id='word_1_103' title='bbox 337 2314 540 2401; x_wconf 77' lang='grc' dir='ltr'><strong><em>οἰκοῦντες</em></strong></span> <span class='ocrx_word' id='word_1_104' title='bbox 559 2319 627 2389; x_wconf 80' lang='grc' dir='ltr'><strong>καὶ</strong></span> <span class='ocrx_word' id='word_1_105' title='bbox 643 2321 867 2413; x_wconf 73' lang='grc' dir='ltr'><strong><em>μετέχοντες</em></strong></span> <span class='ocrx_word' id='word_1_106' title='bbox 894 2312 1102 2412; x_wconf 76' lang='grc' dir='ltr'><strong><em>βασιλικοῦ</em></strong></span> <span class='ocrx_word' id='word_1_107' title='bbox 1131 2317 1266 2419; x_wconf 79' lang='grc' dir='ltr'><strong><em>γένους</em></strong></span> <span class='ocrx_word' id='word_1_108' title='bbox 1287 2318 1367 2389; x_wconf 80' lang='grc' dir='ltr'><strong>καὶ</strong></span> <span class='ocrx_word' id='word_1_109' title='bbox 1390 2313 1473 2408; x_wconf 79' lang='grc' dir='ltr'><strong>τὴν</strong></span> <span class='ocrx_word' id='word_1_110' title='bbox 1492 2316 1568 2393; x_wconf 78' lang='grc' dir='ltr'><strong>τῶν</strong></span> 
     </span>
     <span class='ocr_line' id='line_1_16' title="bbox 149 2431 1567 2543; baseline 0.003 -30"><span class='ocrx_word' id='word_1_111' title='bbox 149 2439 260 2541; x_wconf 79' lang='grc' dir='ltr'><strong><em>ἱερῶν</em></strong></span> <span class='ocrx_word' id='word_1_112' title='bbox 278 2446 495 2539; x_wconf 77' lang='grc' dir='ltr'><strong><em>ἐπιμέλειαν</em></strong></span> <span class='ocrx_word' id='word_1_113' title='bbox 525 2436 773 2538; x_wconf 80' lang='grc' dir='ltr'><strong><em>ποιούμενοι·</em></strong></span> <span class='ocrx_word' id='word_1_114' title='bbox 799 2444 1018 2543; x_wconf 71' lang='grc' dir='ltr'><strong><em>γεωργοὶ</em></strong></span> <span class='ocrx_word' id='word_1_115' title='bbox 1048 2435 1086 2514; x_wconf 82' lang='grc' dir='ltr'><strong>δὲ</strong></span> <span class='ocrx_word' id='word_1_116' title='bbox 1116 2440 1153 2513; x_wconf 75' lang='grc' dir='ltr'><strong>οἱ</strong></span> <span class='ocrx_word' id='word_1_117' title='bbox 1180 2437 1244 2529; x_wconf 79' lang='grc' dir='ltr'><strong>τῆς</strong></span> <span class='ocrx_word' id='word_1_118' title='bbox 1271 2431 1406 2533; x_wconf 73' lang='grc' dir='ltr'><strong><em>ἄλλης</em></strong></span> <span class='ocrx_word' id='word_1_119' title='bbox 1435 2439 1567 2542; x_wconf 81' lang='grc' dir='ltr'><strong><em>χώρας</em></strong></span> 
     </span>
     <span class='ocr_line' id='line_1_17' title="bbox 150 2560 1215 2669; baseline 0.004 -31"><span class='ocrx_word' id='word_1_120' title='bbox 150 2563 364 2665; x_wconf 78' lang='grc' dir='ltr'><strong><em>οἰκήτορες’</em></strong></span> <span class='ocrx_word' id='word_1_121' title='bbox 393 2563 736 2669; x_wconf 69' lang='grc' dir='ltr'><strong><em>ἐπιγεώμοροι</em></strong></span> <span class='ocrx_word' id='word_1_122' title='bbox 757 2560 860 2638; x_wconf 81' lang='grc' dir='ltr'><strong><em>δὲτὸ</em></strong></span> <span class='ocrx_word' id='word_1_123' title='bbox 880 2560 1066 2659; x_wconf 76' lang='grc' dir='ltr'><strong><em>τεχνικὸν</em></strong></span> <span class='ocrx_word' id='word_1_124' title='bbox 1088 2565 1215 2650; x_wconf 72' lang='grc' dir='ltr'><strong><em>ἔθνος.</em></strong></span> 
     </span>
     <span class='ocr_line' id='line_1_18' title="bbox 159 2686 1565 2796; baseline 0.001 -25"><span class='ocrx_word' id='word_1_125' title='bbox 159 2686 184 2707; x_wconf 83' lang='grc'>”</span> <span class='ocrx_word' id='word_1_126' title='bbox 255 2692 505 2796; x_wconf 83' lang='lat' dir='ltr'><strong>(Eupatridae</strong></span> <span class='ocrx_word' id='word_1_127' title='bbox 534 2703 717 2770; x_wconf 89' lang='lat' dir='ltr'><strong>vocantur</strong></span> <span class='ocrx_word' id='word_1_128' title='bbox 745 2691 808 2793; x_wconf 91' lang='lat' dir='ltr'><strong>qui</strong></span> <span class='ocrx_word' id='word_1_129' title='bbox 837 2695 957 2794; x_wconf 89' lang='lat' dir='ltr'><strong>ipsam</strong></span> <span class='ocrx_word' id='word_1_130' title='bbox 987 2692 1118 2769; x_wconf 90' lang='lat' dir='ltr'><strong>urbem</strong></span> <span class='ocrx_word' id='word_1_131' title='bbox 1145 2692 1344 2790; x_wconf 88' lang='lat' dir='ltr'><strong>incolunt,</strong></span> <span class='ocrx_word' id='word_1_132' title='bbox 1379 2696 1481 2795; x_wconf 84' lang='lat' dir='ltr'><strong>regii</strong></span> <span class='ocrx_word' id='word_1_133' title='bbox 1501 2723 1565 2773; x_wconf 88' lang='lat' dir='ltr'><strong>seu</strong></span> 
     </span>
     <span class='ocr_line' id='line_1_19' title="bbox 148 2819 1563 2922; baseline 0.003 -27"><span class='ocrx_word' id='word_1_134' title='bbox 148 2819 283 2896; x_wconf 87' lang='lat' dir='ltr'><strong>nobilis</strong></span> <span class='ocrx_word' id='word_1_135' title='bbox 311 2820 458 2918; x_wconf 89' lang='lat' dir='ltr'><strong>generis</strong></span> <span class='ocrx_word' id='word_1_136' title='bbox 487 2832 573 2896; x_wconf 72' lang='lat' dir='ltr'><strong>seint</strong></span> <span class='ocrx_word' id='word_1_137' title='bbox 600 2819 802 2920; x_wconf 89' lang='lat' dir='ltr'><strong>participes</strong></span> <span class='ocrx_word' id='word_1_138' title='bbox 831 2831 869 2895; x_wconf 91' lang='lat' dir='ltr'><strong>et</strong></span> <span class='ocrx_word' id='word_1_139' title='bbox 892 2845 1081 2896; x_wconf 90' lang='lat' dir='ltr'><strong>sacrorum</strong></span> <span class='ocrx_word' id='word_1_140' title='bbox 1101 2844 1225 2895; x_wconf 89' lang='lat' dir='ltr'><strong>curam</strong></span> <span class='ocrx_word' id='word_1_141' title='bbox 1243 2833 1411 2920; x_wconf 88' lang='lat' dir='ltr'><strong>gerunt.</strong></span> <span class='ocrx_word' id='word_1_142' title='bbox 1454 2823 1563 2922; x_wconf 86' lang='lat' dir='ltr'><strong>Agri·</strong></span> 
     </span>
     <span class='ocr_line' id='line_1_20' title="bbox 149 2942 1562 3050; baseline 0.005 -32"><span class='ocrx_word' id='word_1_143' title='bbox 149 2944 252 3020; x_wconf 91' lang='lat' dir='ltr'><strong>colae</strong></span> <span class='ocrx_word' id='word_1_144' title='bbox 284 2970 373 3021; x_wconf 92' lang='lat' dir='ltr'><strong>vero</strong></span> <span class='ocrx_word' id='word_1_145' title='bbox 402 2944 564 3043; x_wconf 91' lang='lat' dir='ltr'><strong>reliquae</strong></span> <span class='ocrx_word' id='word_1_146' title='bbox 595 2942 757 3044; x_wconf 86' lang='lat' dir='ltr'><strong>regionis</strong></span> <span class='ocrx_word' id='word_1_147' title='bbox 786 2942 941 3020; x_wconf 89' lang='lat' dir='ltr'><strong>incolae.</strong></span> <span class='ocrx_word' id='word_1_148' title='bbox 983 2944 1221 3046; x_wconf 87' lang='lat' dir='ltr'><strong>Epigeomori</strong></span> <span class='ocrx_word' id='word_1_149' title='bbox 1251 2944 1436 3048; x_wconf 89' lang='lat' dir='ltr'><strong>denique</strong></span> <span class='ocrx_word' id='word_1_150' title='bbox 1468 2974 1562 3050; x_wconf 87' lang='lat' dir='ltr'><strong>gens</strong></span> 
     </span>
     <span class='ocr_line' id='line_1_21' title="bbox 148 3069 356 3170; baseline 0 -28"><span class='ocrx_word' id='word_1_151' title='bbox 148 3069 356 3170; x_wconf 87' lang='lat' dir='ltr'><strong>opificum.)</strong></span> 
     </span>
    </p>
   </div>
   <div class='ocr_carea' id='block_1_5' title="bbox 148 3218 1553 3584">
    <p class='ocr_par' dir='ltr' id='par_1_6' title="bbox 148 3218 1553 3584">
     <span class='ocr_line' id='line_1_22' title="bbox 255 3218 1553 3335; baseline 0.002 -30"><span class='ocrx_word' id='word_1_152' title='bbox 255 3225 390 3305; x_wconf 84' lang='lat' dir='ltr'><strong>Pollux</strong></span> <span class='ocrx_word' id='word_1_153' title='bbox 417 3227 527 3324; x_wconf 88' lang='lat' dir='ltr'><strong>VIII,</strong></span> <span class='ocrx_word' id='word_1_154' title='bbox 559 3227 656 3303; x_wconf 87' lang='lat'>111:</span> <span class='ocrx_word' id='word_1_155' title='bbox 704 3228 800 3325; x_wconf 86' lang='grc' dir='ltr'><em>Τρία</em></span> <span class='ocrx_word' id='word_1_156' title='bbox 829 3218 876 3317; x_wconf 81' lang='grc' dir='ltr'><strong>ἦν</strong></span> <span class='ocrx_word' id='word_1_157' title='bbox 902 3223 950 3300; x_wconf 83' lang='grc' dir='ltr'><strong>τοὶ</strong></span> <span class='ocrx_word' id='word_1_158' title='bbox 979 3229 1076 3319; x_wconf 77' lang='grc' dir='ltr'><strong><em>ἔθνη</em></strong></span> <span class='ocrx_word' id='word_1_159' title='bbox 1104 3225 1241 3318; x_wconf 84' lang='grc' dir='ltr'><strong><em>πάλαι,</em></strong></span> <span class='ocrx_word' id='word_1_160' title='bbox 1284 3225 1553 3335; x_wconf 77' lang='grc' dir='ltr'><strong><em>εὐπατρίδαι,</em></strong></span> 
     </span>
     <span class='ocr_line' id='line_1_23' title="bbox 148 3347 1552 3459; baseline 0.007 -34"><span class='ocrx_word' id='word_1_161' title='bbox 148 3348 353 3457; x_wconf 72' lang='grc' dir='ltr'><strong><em>γεωμόροι,</em></strong></span> <span class='ocrx_word' id='word_1_162' title='bbox 385 3347 622 3454; x_wconf 67' lang='grc' dir='ltr'><strong><em>δημιουργοί.</em></strong></span> <span class='ocrx_word' id='word_1_163' title='bbox 662 3355 778 3448; x_wconf 81' lang='lat' dir='ltr'><strong>(Tres</strong></span> <span class='ocrx_word' id='word_1_164' title='bbox 798 3366 903 3430; x_wconf 83' lang='lat' dir='ltr'><strong>erant</strong></span> <span class='ocrx_word' id='word_1_165' title='bbox 921 3367 1054 3454; x_wconf 83' lang='lat' dir='ltr'><strong>gentes</strong></span> <span class='ocrx_word' id='word_1_166' title='bbox 1074 3357 1181 3433; x_wconf 89' lang='lat' dir='ltr'><strong>olim:</strong></span> <span class='ocrx_word' id='word_1_167' title='bbox 1211 3358 1461 3459; x_wconf 85' lang='lat' dir='ltr'><strong>Eupatridae</strong></span> <span class='ocrx_word' id='word_1_168' title='bbox 1491 3387 1552 3438; x_wconf 82' lang='lat' dir='ltr'><strong>seu</strong></span> 
     </span>
     <span class='ocr_line' id='line_1_24' title="bbox 148 3479 1363 3584; baseline 0.001 -27"><span class='ocrx_word' id='word_1_169' title='bbox 148 3480 312 3584; x_wconf 87' lang='lat' dir='ltr'><strong>patricii,</strong></span> <span class='ocrx_word' id='word_1_170' title='bbox 342 3479 516 3556; x_wconf 79' lang='lat' dir='ltr'><strong>Geomori</strong></span> <span class='ocrx_word' id='word_1_171' title='bbox 546 3506 611 3556; x_wconf 87' lang='lat' dir='ltr'><strong>seu</strong></span> <span class='ocrx_word' id='word_1_172' title='bbox 637 3480 842 3578; x_wconf 83' lang='lat' dir='ltr'><strong>agricolae,</strong></span> <span class='ocrx_word' id='word_1_173' title='bbox 870 3482 1065 3582; x_wconf 84' lang='lat' dir='ltr'><strong>Demiurgi</strong></span> <span class='ocrx_word' id='word_1_174' title='bbox 1083 3508 1148 3558; x_wconf 92' lang='lat' dir='ltr'><strong>seu</strong></span> <span class='ocrx_word' id='word_1_175' title='bbox 1168 3483 1363 3583; x_wconf 85' lang='lat' dir='ltr'><strong>opifices.)</strong></span> 
     </span>
    </p>
   </div>
   <div class='ocr_carea' id='block_1_6' title="bbox 52 3641 1547 5126">
    <p class='ocr_par' dir='ltr' id='par_1_7' title="bbox 52 3641 1547 5126">
     <span class='ocr_line' id='line_1_25' title="bbox 252 3641 1547 3743; baseline 0.006 -26"><span class='ocrx_word' id='word_1_176' title='bbox 252 3641 452 3743; x_wconf 85' lang='lat' dir='ltr'><strong>Lycurgus</strong></span> <span class='ocrx_word' id='word_1_177' title='bbox 472 3669 605 3742; x_wconf 86' lang='lat' dir='ltr'><strong>agrum</strong></span> <span class='ocrx_word' id='word_1_178' title='bbox 624 3643 964 3720; x_wconf 89' lang='lat' dir='ltr'><strong>Lacedaemonium</strong></span> <span class='ocrx_word' id='word_1_179' title='bbox 992 3645 1036 3719; x_wconf 87' lang='lat' dir='ltr'><strong>iis</strong></span> <span class='ocrx_word' id='word_1_180' title='bbox 1064 3644 1127 3742; x_wconf 91' lang='lat' dir='ltr'><strong>qui</strong></span> <span class='ocrx_word' id='word_1_181' title='bbox 1156 3643 1297 3719; x_wconf 91' lang='lat' dir='ltr'><strong>circum</strong></span> <span class='ocrx_word' id='word_1_182' title='bbox 1322 3646 1468 3724; x_wconf 91' lang='lat' dir='ltr'><strong>urbem</strong></span> <span class='ocrx_word' id='word_1_183' title='bbox 1488 3649 1547 3725; x_wconf 90' lang='lat' dir='ltr'><strong>ha·</strong></span> 
     </span>
     <span class='ocr_line' id='line_1_26' title="bbox 147 3765 1546 3872; baseline 0.004 -27"><span class='ocrx_word' id='word_1_184' title='bbox 147 3765 337 3861; x_wconf 90' lang='lat' dir='ltr'><strong>bitabant,</strong></span> <span class='ocrx_word' id='word_1_185' title='bbox 371 3792 440 3869; x_wconf 90' lang='lat' dir='ltr'><strong>per</strong></span> <span class='ocrx_word' id='word_1_186' title='bbox 468 3768 593 3845; x_wconf 82' lang='lat' dir='ltr'><strong>tricies</strong></span> <span class='ocrx_word' id='word_1_187' title='bbox 620 3765 722 3845; x_wconf 89' lang='lat' dir='ltr'><strong>mille</strong></span> <span class='ocrx_word' id='word_1_188' title='bbox 754 3778 873 3845; x_wconf 89' lang='lat' dir='ltr'><strong>sortes</strong></span> <span class='ocrx_word' id='word_1_189' title='bbox 902 3768 1046 3862; x_wconf 73' lang='lat' dir='ltr'><strong>divisit,</strong></span> <span class='ocrx_word' id='word_1_190' title='bbox 1086 3794 1219 3868; x_wconf 91' lang='lat' dir='ltr'><strong>agrum</strong></span> <span class='ocrx_word' id='word_1_191' title='bbox 1245 3795 1364 3869; x_wconf 89' lang='lat' dir='ltr'><strong>vero,</strong></span> <span class='ocrx_word' id='word_1_192' title='bbox 1406 3774 1474 3872; x_wconf 92' lang='lat' dir='ltr'><strong>qui</strong></span> <span class='ocrx_word' id='word_1_193' title='bbox 1502 3772 1546 3849; x_wconf 88' lang='lat' dir='ltr'><strong>ad</strong></span> 
     </span>
     <span class='ocr_line' id='line_1_27' title="bbox 146 3891 1544 3996; baseline 0.002 -28"><span class='ocrx_word' id='word_1_194' title='bbox 146 3895 266 3995; x_wconf 83' lang='lat' dir='ltr'><strong>ipsam</strong></span> <span class='ocrx_word' id='word_1_195' title='bbox 287 3892 418 3969; x_wconf 91' lang='lat' dir='ltr'><strong>urbem</strong></span> <span class='ocrx_word' id='word_1_196' title='bbox 438 3891 612 3995; x_wconf 86' lang='lat' dir='ltr'><strong>Spartam</strong></span> <span class='ocrx_word' id='word_1_197' title='bbox 630 3893 861 3996; x_wconf 88' lang='lat' dir='ltr'><strong>pertinebat,</strong></span> <span class='ocrx_word' id='word_1_198' title='bbox 892 3919 959 3994; x_wconf 90' lang='lat' dir='ltr'><strong>per</strong></span> <span class='ocrx_word' id='word_1_199' title='bbox 987 3894 1140 3970; x_wconf 88' lang='lat' dir='ltr'><strong>sortium</strong></span> <span class='ocrx_word' id='word_1_200' title='bbox 1158 3892 1275 3970; x_wconf 91' lang='lat' dir='ltr'><strong>millia</strong></span> <span class='ocrx_word' id='word_1_201' title='bbox 1294 3920 1466 3975; x_wconf 87' lang='lat' dir='ltr'><strong>novem:</strong></span> <span class='ocrx_word' id='word_1_202' title='bbox 1495 3909 1544 3974; x_wconf 88' lang='lat' dir='ltr'><strong>tot</strong></span> 
     </span>
     <span class='ocr_line' id='line_1_28' title="bbox 148 4019 1541 4122; baseline 0.002 -28"><span class='ocrx_word' id='word_1_203' title='bbox 148 4021 245 4099; x_wconf 87' lang='lat' dir='ltr'><strong>euim</strong></span> <span class='ocrx_word' id='word_1_204' title='bbox 274 4020 424 4096; x_wconf 84' lang='lat' dir='ltr'><strong>fuerunt</strong></span> <span class='ocrx_word' id='word_1_205' title='bbox 452 4032 571 4095; x_wconf 87' lang='lat' dir='ltr'><strong>sortes</strong></span> <span class='ocrx_word' id='word_1_206' title='bbox 601 4019 882 4121; x_wconf 86' lang='lat' dir='ltr'><strong>Spartanorum.</strong></span> <span class='ocrx_word' id='word_1_207' title='bbox 920 4019 1086 4096; x_wconf 86' lang='lat' dir='ltr'><strong>Tantum</strong></span> <span class='ocrx_word' id='word_1_208' title='bbox 1115 4045 1205 4096; x_wconf 90' lang='lat' dir='ltr'><strong>vero</strong></span> <span class='ocrx_word' id='word_1_209' title='bbox 1233 4021 1314 4119; x_wconf 87' lang='lat' dir='ltr'><strong>agri</strong></span> <span class='ocrx_word' id='word_1_210' title='bbox 1337 4023 1541 4122; x_wconf 89' lang='lat' dir='ltr'><strong>unicuique</strong></span> 
     </span>
     <span class='ocr_line' id='line_1_29' title="bbox 147 4143 1540 4246; baseline 0.001 -26"><span class='ocrx_word' id='word_1_211' title='bbox 147 4157 245 4222; x_wconf 90' lang='lat' dir='ltr'><strong>sorte</strong></span> <span class='ocrx_word' id='word_1_212' title='bbox 264 4145 416 4244; x_wconf 88' lang='lat' dir='ltr'><strong>obtigit,</strong></span> <span class='ocrx_word' id='word_1_213' title='bbox 448 4156 489 4220; x_wconf 92' lang='lat' dir='ltr'><strong>ut</strong></span> <span class='ocrx_word' id='word_1_214' title='bbox 516 4146 574 4220; x_wconf 91' lang='lat' dir='ltr'><strong>vir</strong></span> <span class='ocrx_word' id='word_1_215' title='bbox 602 4145 641 4220; x_wconf 92' lang='lat' dir='ltr'><strong>in</strong></span> <span class='ocrx_word' id='word_1_216' title='bbox 667 4143 846 4222; x_wconf 87' lang='lat' dir='ltr'><strong>reditibus</strong></span> <span class='ocrx_word' id='word_1_217' title='bbox 873 4144 1029 4221; x_wconf 89' lang='lat' dir='ltr'><strong>haberet</strong></span> <span class='ocrx_word' id='word_1_218' title='bbox 1056 4146 1297 4246; x_wconf 88' lang='lat' dir='ltr'><strong>septuaginta</strong></span> <span class='ocrx_word' id='word_1_219' title='bbox 1328 4148 1540 4225; x_wconf 90' lang='lat' dir='ltr'><strong>medimnos</strong></span> 
     </span>
     <span class='ocr_line' id='line_1_30' title="bbox 147 4266 1540 4368; baseline 0 -22"><span class='ocrx_word' id='word_1_220' title='bbox 147 4268 294 4362; x_wconf 87' lang='lat' dir='ltr'><strong>hordei,</strong></span> <span class='ocrx_word' id='word_1_221' title='bbox 325 4266 456 4345; x_wconf 90' lang='lat' dir='ltr'><strong>mulier</strong></span> <span class='ocrx_word' id='word_1_222' title='bbox 483 4268 701 4363; x_wconf 88' lang='lat' dir='ltr'><strong>duodecim,</strong></span> <span class='ocrx_word' id='word_1_223' title='bbox 731 4269 836 4368; x_wconf 92' lang='lat' dir='ltr'><strong>eique</strong></span> <span class='ocrx_word' id='word_1_224' title='bbox 865 4269 998 4348; x_wconf 90' lang='lat' dir='ltr'><strong>rationi</strong></span> <span class='ocrx_word' id='word_1_225' title='bbox 1030 4278 1067 4347; x_wconf 86' lang='lat' dir='ltr'><strong>et</strong></span> <span class='ocrx_word' id='word_1_226' title='bbox 1094 4268 1318 4368; x_wconf 91' lang='lat' dir='ltr'><strong>liquidorum</strong></span> <span class='ocrx_word' id='word_1_227' title='bbox 1349 4271 1540 4350; x_wconf 86' lang='lat' dir='ltr'><strong>fructuum</strong></span> 
     </span>
     <span class='ocr_line' id='line_1_31' title="bbox 147 4394 1537 4502; baseline 0.002 -31"><span class='ocrx_word' id='word_1_228' title='bbox 147 4405 351 4496; x_wconf 89' lang='lat' dir='ltr'><strong>proventus</strong></span> <span class='ocrx_word' id='word_1_229' title='bbox 369 4394 622 4495; x_wconf 85' lang='lat' dir='ltr'><strong>responderet</strong></span> <span class='ocrx_word' id='word_1_230' title='bbox 660 4394 858 4471; x_wconf 83' lang='lat' dir='ltr'><strong>Traditum</strong></span> <span class='ocrx_word' id='word_1_231' title='bbox 876 4407 951 4490; x_wconf 90' lang='lat' dir='ltr'><strong>est,</strong></span> <span class='ocrx_word' id='word_1_232' title='bbox 979 4422 1064 4472; x_wconf 90' lang='lat' dir='ltr'><strong>eum</strong></span> <span class='ocrx_word' id='word_1_233' title='bbox 1082 4407 1214 4499; x_wconf 89' lang='lat' dir='ltr'><strong>postea</strong></span> <span class='ocrx_word' id='word_1_234' title='bbox 1232 4399 1417 4496; x_wconf 87' lang='lat' dir='ltr'><strong>temporis</strong></span> <span class='ocrx_word' id='word_1_235' title='bbox 1436 4425 1537 4502; x_wconf 88' lang='lat' dir='ltr'><strong>pere·</strong></span> 
     </span>
     <span class='ocr_line' id='line_1_32' title="bbox 52 4520 1538 4622; baseline 0.003 -26"><span class='ocrx_word' id='word_1_236' title='bbox 52 4539 53 4542; x_wconf 74' lang='grc'>’</span> <span class='ocrx_word' id='word_1_237' title='bbox 146 4547 213 4620; x_wconf 91' lang='lat' dir='ltr'><strong>gre</strong></span> <span class='ocrx_word' id='word_1_238' title='bbox 232 4520 470 4615; x_wconf 86' lang='lat' dir='ltr'><strong>redeuntem,</strong></span> <span class='ocrx_word' id='word_1_239' title='bbox 490 4546 574 4596; x_wconf 89' lang='lat' dir='ltr'><strong>eum</strong></span> <span class='ocrx_word' id='word_1_240' title='bbox 593 4547 661 4622; x_wconf 92' lang='lat' dir='ltr'><strong>per</strong></span> <span class='ocrx_word' id='word_1_241' title='bbox 679 4548 791 4622; x_wconf 88' lang='lat' dir='ltr'><strong>agros</strong></span> <span class='ocrx_word' id='word_1_242' title='bbox 810 4545 940 4598; x_wconf 89' lang='lat' dir='ltr'><strong>recens</strong></span> <span class='ocrx_word' id='word_1_243' title='bbox 960 4521 1147 4598; x_wconf 85' lang='lat' dir='ltr'><strong>demessus</strong></span> <span class='ocrx_word' id='word_1_244' title='bbox 1166 4523 1233 4599; x_wconf 87' lang='lat' dir='ltr'><strong>iter</strong></span> <span class='ocrx_word' id='word_1_245' title='bbox 1251 4522 1417 4619; x_wconf 84' lang='lat' dir='ltr'><strong>faceret,</strong></span> <span class='ocrx_word' id='word_1_246' title='bbox 1439 4551 1538 4601; x_wconf 89' lang='lat' dir='ltr'><strong>acer·</strong></span> 
     </span>
     <span class='ocr_line' id='line_1_33' title="bbox 149 4643 1537 4749; baseline 0.006 -30"><span class='ocrx_word' id='word_1_247' title='bbox 149 4673 216 4722; x_wconf 90' lang='lat' dir='ltr'><strong>vos</strong></span> <span class='ocrx_word' id='word_1_248' title='bbox 245 4643 396 4746; x_wconf 87' lang='lat' dir='ltr'><strong>paribus</strong></span> <span class='ocrx_word' id='word_1_249' title='bbox 423 4646 629 4728; x_wconf 85' lang='lat' dir='ltr'><strong>intervallis</strong></span> <span class='ocrx_word' id='word_1_250' title='bbox 659 4647 857 4748; x_wconf 88' lang='lat' dir='ltr'><strong>dispositos</strong></span> <span class='ocrx_word' id='word_1_251' title='bbox 878 4660 915 4723; x_wconf 89' lang='lat' dir='ltr'><strong>et</strong></span> <span class='ocrx_word' id='word_1_252' title='bbox 933 4648 1107 4748; x_wconf 89' lang='lat' dir='ltr'><strong>aequales</strong></span> <span class='ocrx_word' id='word_1_253' title='bbox 1135 4649 1403 4749; x_wconf 81' lang='lat' dir='ltr'><strong>conspicatum</strong></span> <span class='ocrx_word' id='word_1_254' title='bbox 1422 4652 1537 4728; x_wconf 88' lang='lat' dir='ltr'><strong>subri-</strong></span> 
     </span>
     <span class='ocr_line' id='line_1_34' title="bbox 147 4771 1539 4873; baseline 0.001 -25"><span class='ocrx_word' id='word_1_255' title='bbox 147 4772 260 4866; x_wconf 88' lang='lat' dir='ltr'><strong>sisse,</strong></span> <span class='ocrx_word' id='word_1_256' title='bbox 290 4782 403 4868; x_wconf 86' lang='lat' dir='ltr'><strong>utque</strong></span> <span class='ocrx_word' id='word_1_257' title='bbox 431 4771 568 4849; x_wconf 80' lang='lat' dir='ltr'><strong>dixisse</strong></span> <span class='ocrx_word' id='word_1_258' title='bbox 596 4785 715 4850; x_wconf 92' lang='lat' dir='ltr'><strong>totum</strong></span> <span class='ocrx_word' id='word_1_259' title='bbox 733 4801 863 4873; x_wconf 89' lang='lat' dir='ltr'><strong>agrum</strong></span> <span class='ocrx_word' id='word_1_260' title='bbox 884 4773 1221 4851; x_wconf 85' lang='lat' dir='ltr'><strong>Lacedaemonium</strong></span> <span class='ocrx_word' id='word_1_261' title='bbox 1242 4774 1365 4852; x_wconf 90' lang='lat' dir='ltr'><strong>videri</strong></span> <span class='ocrx_word' id='word_1_262' title='bbox 1386 4777 1539 4854; x_wconf 88' lang='lat' dir='ltr'><strong>fratrum</strong></span> 
     </span>
     <span class='ocr_line' id='line_1_35' title="bbox 148 4896 1539 5002; baseline 0.002 -29"><span class='ocrx_word' id='word_1_263' title='bbox 148 4923 229 4977; x_wconf 89' lang='lat' dir='ltr'><strong>esse</strong></span> <span class='ocrx_word' id='word_1_264' title='bbox 247 4896 466 4992; x_wconf 88' lang='lat' dir='ltr'><strong>multorum,</strong></span> <span class='ocrx_word' id='word_1_265' title='bbox 501 4899 563 4997; x_wconf 89' lang='lat' dir='ltr'><strong>qui</strong></span> <span class='ocrx_word' id='word_1_266' title='bbox 589 4926 673 4976; x_wconf 69' lang='lat' dir='ltr'><strong>earm</strong></span> <span class='ocrx_word' id='word_1_267' title='bbox 692 4926 813 5002; x_wconf 90' lang='lat' dir='ltr'><strong>nuper</strong></span> <span class='ocrx_word' id='word_1_268' title='bbox 831 4900 928 4973; x_wconf 87' lang='lat' dir='ltr'><strong>inter</strong></span> <span class='ocrx_word' id='word_1_269' title='bbox 947 4925 985 4974; x_wconf 89' lang='lat' dir='ltr'><strong>se</strong></span> <span class='ocrx_word' id='word_1_270' title='bbox 1006 4898 1209 4976; x_wconf 85' lang='lat' dir='ltr'><strong>diviserint.</strong></span> <span class='ocrx_word' id='word_1_271' title='bbox 1248 4900 1539 4991; x_wconf 85' lang='lat' dir='ltr'><strong>(Plutarch.</strong></span> 
     </span>
     <span class='ocr_line' id='line_1_36' title="bbox 149 5021 441 5126; baseline -0.014 -27"><span class='ocrx_word' id='word_1_272' title='bbox 149 5021 352 5126; x_wconf 84' lang='lat' dir='ltr'><strong>Lycurg.</strong></span> <span class='ocrx_word' id='word_1_273' title='bbox 385 5023 441 5113; x_wconf 89' lang='lat'><strong>8.)</strong></span> 
     </span>
    </p>
   </div>
   <div class='ocr_carea' id='block_1_7' title="bbox 0 0 1706 5782">
    <p class='ocr_par' dir='ltr' id='par_1_8' title="bbox 0 0 1706 5782">
     <span class='ocr_line' id='line_1_37' title="bbox 0 0 1706 5782; baseline 0 1"><span class='ocrx_word' id='word_1_274' title='bbox 0 0 1706 5782; x_wconf 95' lang='lat' dir='ltr'><strong> </strong></span> 
     </span>
    </p>
   </div>
  </div>
 </body>
</html>
