3436 5790
586 448 636 502 nu
650 436 956 517 eanuumuuauu
975 430 1173 503 vitumnus.
1488 422 1565 501 343

289 763 356 842 Est
375 776 500 844 autem
516 765 689 870 gennetie
709 777 755 857 et
780 767 1022 870 phratorihus
1048 766 1128 862 lex,
1157 778 1198 843 ut
1216 752 1428 869 quicunque
1449 766 1566 844 filium

183 889 352 988 induent,
381 893 412 969 is
440 917 508 994 per
535 918 641 970 sacra
662 894 765 994 juret
791 893 896 971 illum
915 919 938 969 a
955 918 995 968 ee
1016 892 1132 969 filium
1151 892 1275 969 induci
1295 902 1425 968 natum
1444 919 1464 968 e
1483 893 1564 969 eive

182 1018 334 1094 muliere
353 1028 391 1094 et
408 1018 573 1116 legitimo
592 1019 724 1097 modo:
752 1044 847 1120 quae
866 1019 1013 1096 tametsi
1038 1028 1143 1119 pater
1161 1018 1342 1095 inducens
1362 1018 1490 1117 egerit,
1510 1016 1563 1093 illi

183 1141 422 1219 nihilominus
450 1168 579 1221 omnes
605 1143 645 1219 in
671 1141 852 1243 suffragia
878 1155 992 1239 eunt,
1019 1150 1064 1227 et'
1083 1141 1166 1234 ubi,
1195 1143 1258 1243 qui
1286 1141 1460 1218 inductus
1491 1152 1565 1233 est,

184 1267 275 1368 ipsis
297 1268 399 1345 visus
417 1268 528 1345 luerit
546 1266 799 1346 admittendus
817 1292 920 1365 oeae,
947 1279 1029 1345 tum
1047 1267 1216 1366 demum,
1242 1293 1365 1369 neque
1385 1268 1507 1361 citius,
1527 1267 1567 1343 in

186 1416 380 1471 eommume
399 1394 527 1472 album
544 1392 766 1473 inscribitur.
823 1501 928 1581 132⁰

292 1626 359 1712 Εἰς
376 1620 468 1713 τοάς
487 1620 681 1727 φράτορας
697 1621 789 1715 τούς
805 1655 846 1729 τε
864 1622 1008 1726 κόρους
1034 1629 1103 1703 κατ’
1130 1621 1198 1716 τάς
1215 1622 1334 1727 κόρας
1352 1622 1530 1731 εἰσάγειν.

858 1808 863 1815 -
884 1828 900 1845 ,,
1051 1756 1206 1849 (Pollux
1226 1755 1330 1855 VIII,
1353 1756 1460 1849 107.)

823 1862 937 1938 1326.

293 1989 338 2066 In
356 1986 552 2091 phratores
571 1999 609 2066 ot
627 1987 734 2090 pueri
754 1997 791 2065 et
808 1989 959 2092 puellae
976 1988 1269 2066 Introdueantur.

793 2196 797 2209 ·
825 2166 939 2249 1327.

294 2296 638 2397 Παραγγέλλουσιν
656 2292 695 2367 οἱ
711 2287 827 2393 νόμοι
845 2288 901 2390 τῷ
921 2295 1031 2389 πατρὶ
1050 2286 1124 2366 τὸν
1142 2288 1231 2367 υὶὸν
1249 2298 1292 2367 έν
1305 2290 1479 2390 μουσικῇ
1498 2295 1567 2367 καί
1643 2376 1652 2395 ,

186 2417 429 2522 γυμναστικῇ
448 2414 652 2494 παιδεύειν.
829 2520 931 2609 ¹82⁷
988 2417 1157 2511 (Platon.
1178 2416 1292 2496 Orito.
1314 2421 1375 2514 50,
1395 2421 1463 2511 D.)

295 2655 417 2755 Leges
430 2654 578 2757 jubent,
596 2663 638 2731 ut
647 2663 756 2757 pater
765 2651 883 2731 filium
891 2642 932 2730 ih
950 2651 1091 2730 musica
1110 2663 1148 2729 et
1166 2652 1400 2754 gymnastico
1415 2653 1569 2731 erudiat.

820 2813 935 2892 1328.

298 2937 479 3039 Τοάςμέν
496 2931 772 3039 ὑποδεέστερον
791 2928 1025 3039 πράττοντας
1043 2940 1105 3014 ἐπὶ
1124 2932 1193 3026 τάς
1211 2930 1394 3043 γεωργίας
1413 2942 1483 3015 καί
1502 2935 1570 3026 τάς

189 3071 370 3167 ἐμπορίας
388 3072 556 3167 τρέπειν,
584 3062 676 3152 τούς
704 3060 743 3141 δὲ
761 3066 855 3165 βίον
873 3059 1015 3140 ἱκανὸν
1034 3071 1293 3163 κεκτημένους
1312 3069 1395 3165 περί
1414 3064 1486 3157 τῆν
1504 3067 1570 3140 έπ-

190 3190 311 3284 πικὴν
337 3196 406 3268 καί
433 3188 480 3266 τά
509 3188 703 3296 γυμνάσια
731 3195 800 3265 καὶ
828 3186 876 3264 τά
903 3195 1112 3293 κυνηγέσια
1142 3194 1212 3264 καὶ
1238 3186 1311 3283 τήν
1328 3195 1571 3288 φιλοσοφίαν

191 3318 411 3420 διατρίβειν.
795 3321 967 3414 (Isocrat.
987 3319 1199 3423 Areopagit.
1219 3316 1253 3421 ξ.
1275 3323 1464 3414 44-45.)

777 3460 780 3467 '
822 3480 935 3557 1328.
1023 3515 1030 3530 ·

296 3606 504 3686 'l'enuioreu
530 3604 577 3684 ml
604 3604 865 3707 agriculturam
891 3617 929 3682 et
946 3606 1220 3707 negotiationes
1240 3607 1489 3706 deducantur3
1517 3611 1570 3689 lo·

191 3735 358 3837 eupletes
377 3744 504 3811 autem
521 3733 683 3808 animum
701 3732 748 3809 ad
768 3755 846 3808 rem
867 3743 1093 3832 equestrem,
1123 3733 1171 3814 ad
1198 3735 1413 3835 gymnasia,
1441 3735 1488 3812 ad
1508 3763 1569 3813 ve-

191 3860 359 3937 nationes
377 3869 418 3936 et
433 3856 707 3961 philosophiam
725 3856 947 3959 adjungant

826 4017 941 4095 1329.

300 4135 390 4242 Οάχ
407 4165 572 4232 απασιν,
601 4136 693 4218 οὐδὲ
722 4137 867 4230 πάντας
894 4144 996 4230 υἱέας
1024 4138 1115 4220 οὐδὲ
1144 4134 1281 4230 ὁσάκις
1309 4136 1360 4218 άν
1388 4148 1572 4223 ἐθέλωσιν

193 4269 229 4346 ol
258 4274 409 4371 πατέρες
435 4252 713 4369 άποκηράττειν
741 4278 1013 4374 συγχωρεῖται,
1041 4263 1130 4344 οὐδ’
1157 4273 1218 4346 ἐπὶ
1246 4266 1382 4357 πάσαις
1409 4274 1570 4363 αἰτίαις,

192 4388 242 4483 ὦς
256 4392 309 4494 μὴ
330 4397 366 4470 οἱ
388 4391 516 4480 παῖδας
535 4390 681 4480 ἀδίκως
699 4391 816 4469 τοῦτο
833 4390 1027 4490 πάσχωσι·
1055 4399 1125 4469 καί
1144 4391 1206 4468 διά
1236 4391 1355 4469 τοῦτο
1379 4393 1434 4493 μὴ
1463 4402 1572 4475 ἐλευ-

195 4526 313 4619 θέραν
331 4524 536 4625 γίγνεσθαι
551 4516 641 4620 μηδ’
661 4513 824 4620 άκριτον
841 4514 912 4613 τὴν
930 4520 1138 4620 τιμωρίαν,
1167 4515 1251 4595 ἀλλ’
1271 4526 1307 4608 ές
1326 4518 1573 4623 δικαστήριον

193 4651 327 4723 καλεῖν
345 4652 414 4721 καί
435 4640 669 4746 δοκιμαστάς
687 4644 871 4738 καθίζειν
888 4640 980 4731 τούς
993 4642 1089 4744 μήτε
1109 4641 1201 4746 πρδς
1221 4641 1341 4750 ὀργάν
1360 4644 1453 4746 μήτε
1471 4647 1573 4754 ζπρὸς

194 4769 383 4873 διαβολὴν
401 4769 445 4849 τὸ
465 4770 623 4852 δίκαιον
640 4769 884 4872 κρινοῦντας.
1023 4770 1197 4867 (Lucian.
1218 4773 1388 4853 Adeoat.
1409 4777 1466 4868 8.)

826 4936 941 5012 1329.

302 5062 388 5143 Non
414 5061 608 5161 omnibus,
638 5088 758 5165 neque
788 5085 916 5142 omnes
945 5056 1061 5158 filios,
1089 5087 1210 5162 neque
1234 5061 1378 5162 quoties
1399 5070 1573 5164 parentes

194 5186 401 5288 voluerint,
430 5189 604 5268 abdicare
624 5187 858 5286 conceditur,
882 5212 930 5264 ne
951 5177 1017 5265 lilii
1034 5186 1171 5289 injuste
1190 5188 1262 5263 hoe
1281 5189 1481 5290 patiantur.
1518 5187 1574 5269 Ao
