3436 5790
632 423 943 478 COMMENTARIUS
962 427 1016 477 An
1036 421 1118 481 II80.
1139 422 1220 480 II88.

814 629 891 712 Ad
908 632 1042 714 nco.

339 795 451 897 Apud
469 794 786 872 Lacedaemonios
804 795 1026 897 permissum
1047 807 1126 870 erat
1142 820 1266 872 amare
1279 820 1415 895 pueros
1433 793 1627 896 praeclara

231 919 354 997 indole
374 921 578 1022 praeditos:
607 919 673 996 sed
693 932 801 1019 turpe
819 918 1082 1020 judicabatur,
1113 922 1142 994 si
1162 921 1244 1021 quis
1264 921 1312 994 ab
1334 921 1458 995 animo
1479 917 1526 994 ad
1545 944 1624 992 cor·

231 1069 301 1147 pus
329 1071 494 1125 amorem
524 1045 762 1122 transferret:
791 1046 908 1144 etqui
928 1046 1105 1144 polluisse
1134 1046 1297 1144 aliquem
1326 1044 1563 1139 crederetur,
1594 1043 1625 1116 is

230 1170 381 1251 infamis
410 1200 655 1272 peromnem
685 1173 800 1259 vitam
824 1171 1040 1250 habebatur.
1070 1173 1345 1269 (Plutarch.
1375 1174 1626 1252 Instituta

231 1294 480 1376 Laconica
499 1300 559 1393 7.)

808 1420 884 1503 Art
905 1421 1040 1502 118³.

337 1584 590 1688 Theophrasti
617 1596 740 1662 aetate
769 1611 846 1662 non
874 1585 1035 1688 amplius
1063 1585 1215 1684 vigebat
1242 1586 1336 1663 haec
1364 1587 1513 1664 Solonis
1542 1584 1624 1680 Iex,

230 1711 291 1787 ille
311 1711 410 1787 enim
438 1711 567 1787 scribit
590 1710 641 1786 'de
670 1711 827 1809 loquace
856 1712 1030 1804 (Notatio
1048 1736 1194 1786 morum
1213 1709 1340 1804 VII.):
1368 1712 1475 1788 Indos
1491 1736 1539 1787 ac
1558 1736 1623 1812 pa·

230 1837 384 1914 laestras
413 1836 620 1934 ingressus,
656 1847 698 1911 ut
727 1861 774 1911 ne
804 1847 949 1911 tantum
979 1837 1084 1937 pueri
1113 1835 1304 1912 addiscant
1332 1836 1480 1913 efficere
1507 1836 1622 1929 solet,

231 1961 347 2039 rerba
364 1961 508 2038 interea
526 1986 612 2037 cum
635 1984 834 2061 corporum
865 1961 1175 2039 exercitatoribus
1195 1973 1234 2037 et
1251 1960 1518 2061 ludimagistris
1537 1961 1621 2037 fun·

231 2085 365 2164 ditans.

297 2280 300 2285 ,
338 2213 517 2289 Nonnulli
546 2224 681 2312 putant
712 2212 812 2314 apud
844 2211 1092 2290 Athenienses
1129 2212 1241 2288 etiam
1276 2211 1441 2289 coelibes
1466 2211 1623 2313 punitos

230 2336 343 2413 fuisse
361 2338 574 2415 introducta
593 2349 724 2414 contra
753 2364 817 2414 eos
846 2338 1131 2414 coelibatus
1159 2340 1362 2414 actione
1391 2329 1619 2439 (ἀγαμίου).

229 2459 367 2538 Scribit
384 2464 485 2538 enim
505 2462 725 2540 Plutarchus
750 2462 816 2555 (de
837 2487 951 2538 amor.
972 2463 1067 2564 prol.
1096 2488 1177 2564 cap.
1198 2465 1255 2538 2:
1285 2457 1331 2533 cd
1355 2459 1431 2550 ζῶα
1452 2520 1460 2534 .
1483 2521 1491 2539 .
1513 2523 1521 2538 .
1543 2453 1621 2535 οὐκ

229 2580 408 2683 ἀναμένει
435 2582 580 2682 νόμους
608 2568 765 2689 ἀγάμου
793 2590 861 2659 καὶ
891 2581 1114 2690 ὀψιγάμου,
1153 2584 1337 2685 καθάπερ
1366 2588 1403 2659 οἱ
1432 2583 1621 2683 Λυκούρ-

229 2738 303 2813 γου
321 2715 473 2785 πολῖται
493 2718 561 2786 καί
582 2710 776 2799 Σόλωνος.
812 2715 947 2807 (Bruta
969 2772 976 2789 .
999 2773 1007 2790 .
1031 2773 1039 2787 .
1063 2741 1140 2791 non
1169 2726 1372 2818 expectant
1400 2714 1504 2814 leges
1532 2738 1620 2789 con*

228 2847 287 2913 tra
314 2838 537 2916 coelibatum
567 2851 631 2916 aut
658 2841 775 2915 serius
804 2839 1103 2933 matrimonium,
1137 2851 1179 2914 ut
1208 2839 1374 2940 Lycurgi
1407 2837 1620 2943 etSoIonis

228 2962 362 3055 cives.)

335 3103 405 3183 His
423 3116 548 3182 tumen
567 3106 786 3184 contradicit
804 3109 908 3183 locus
929 3105 1081 3183 Stobaei
1108 3113 1237 3201 (serm.
1260 3109 1322 3202 68,
1343 3109 1436 3201 33);
1466 3103 1618 3194 Σόλων,

230 3223 565 3326 συμβουλεύοντος
593 3225 696 3314 τινος
724 3225 833 3327 αὐτῷ
862 3223 963 3303 κατὰ
994 3228 1072 3304 τῶν
1096 3226 1149 3328 μή
1172 3229 1407 3334 γαμούντων
1426 3235 1620 3332 ἐπιτίμιον

230 3351 361 3445 τάξαι,
376 3351 574 3450 χαλεπὸν,
594 3351 719 3444 εἶπεν,
741 3347 770 3428 ὦ
790 3347 996 3453 ἄνθρωπε,
1022 3358 1186 3453 φορτίον
1207 3348 1228 3448 ἦ
1248 3355 1356 3463 γυνή.
1385 3363 1532 3457 (Quum
1551 3360 1619 3438 So-

228 3478 306 3558 loni
326 3480 519 3588 consilium
538 3480 699 3560 dedisset
718 3483 870 3585 aliquis,
901 3496 941 3558 ut
969 3483 1148 3562 adversus
1177 3486 1341 3562 coelibes
1366 3509 1526 3587 poenam
1546 3497 1617 3562 sta·

229 3618 369 3702 tueret,
399 3608 610 3711 respondit:
638 3634 754 3707 grave
774 3633 868 3683 onus
888 3619 944 3684 est
962 3609 1127 3701 mulier.)

339 3750 445 3851 Apud
465 3750 785 3829 Lacedaemonios
804 3751 991 3849 virginum
1010 3753 1246 3853 spectacula,
1277 3752 1519 3849 nudationes,
1542 3779 1618 3830 cer·

229 3877 443 3976 taminaque
463 3879 500 3952 in
521 3888 724 3979 conspectu
737 3878 922 3977 juvenum
942 3877 1061 3971 edita,
1086 3905 1150 3954 eos
1170 3878 1216 3954 ad
1237 3880 1471 3956 matrimonia
1489 3881 1616 3956 stimu-

229 3999 367 4097 labant.
398 4004 445 4078 Et
464 4004 662 4104 Lycurgus
680 4028 841 4104 poenam
863 4003 1054 4080 constituit
1071 4004 1135 4099 iis,
1161 4005 1223 4104 qui
1244 4030 1378 4082 uxores
1398 4005 1533 4108 ducere
1552 4031 1617 4080 no·

230 4124 394 4224 luissent.
431 4125 666 4205 Aroebantur
694 4152 831 4229 nempe
860 4154 883 4202 a
910 4127 1125 4230 spectandis
1150 4131 1302 4230 quaein
1322 4129 1617 4232 Gymnopaediio

231 4262 393 4351 aguntur
411 4253 694 4343 certaminibus,
724 4264 761 4327 et
788 4252 909 4328 hieme
932 4253 1166 4354 jubebantur
1184 4280 1208 4330 a
1226 4254 1506 4354 magistratibus
1526 4255 1615 4335 nudi

230 4376 269 4448 in
288 4374 415 4453 orbem
435 4380 627 4454 circumire
647 4379 779 4472 forum,
800 4390 912 4478 atque
930 4380 1028 4454 inter
1047 4380 1349 4457 circumeundum
1368 4394 1520 4459 cantare
1539 4407 1615 4459 oar·

231 4527 316 4576 men
335 4494 523 4601 quoddam
543 4507 578 4580 in
600 4531 638 4580 se
659 4506 928 4608 compositum,
958 4533 1031 4608 quo
1061 4506 1278 4586 indicabant
1304 4509 1437 4585 merito
1465 4534 1506 4585 se
1527 4509 1616 4586 haec

232 4628 327 4725 pati,
348 4631 446 4728 quod
464 4631 610 4730 legibus
630 4629 887 4727 obtemperare
908 4629 1060 4707 nollent.
1090 4631 1340 4710 Privabantur
1359 4634 1469 4709 etiarn
1489 4659 1533 4708 eo
1552 4632 1615 4708 ho-

231 4775 330 4846 nore,
343 4781 452 4855 quem
466 4757 635 4854 juniores
646 4754 796 4830 senibus
808 4755 995 4835 exhibent.
1012 4757 1283 4850 [Plutarch.
1305 4759 1467 4860 Lycur
1475 4784 1512 4857 g.
1536 4759 1615 4848 15.)

338 4898 619 4974 Athenaeus
639 4896 744 4992 XIII,
757 4900 853 4974 556:
873 4898 1154 4976 Lacedaemone
1174 4900 1280 4977 festis
1300 4900 1523 5001 quibusdam
1538 4900 1613 4978 die·

232 5014 301 5115 bus
321 5023 421 5119 viros
441 5021 603 5094 coelibes
624 5035 761 5121 nuptae
784 5025 959 5102 mulieres
988 5027 1085 5102 circa
1103 5027 1219 5104 altare
1238 5027 1430 5106 trahentes
1450 5026 1615 5128 colaphis

231 5141 409 5235 caedunt3
439 5167 511 5239 quo
530 5142 603 5235 illi,
627 5144 886 5248 indignitptem
903 5152 983 5250 ejus
1002 5152 1250 5231 contumeliae
1269 5152 1478 5254 fugientes,
1506 5164 1612 5243 uatu-
