3436 5790
227 330 305 409 000
526 345 835 403 commanos
853 342 908 393 sn
929 336 1009 393 ross.
1030 337 1110 393 rora
1130 336 1210 393 ress.
1231 336 1311 392 ross.

224 568 377 647 rumque
396 543 453 620 vis
472 539 585 619 ctiam
603 564 671 642 per
688 562 755 613 eos
772 533 1013 628 Mamur,
1041 535 1106 635 qui
1132 534 1252 609 vitiati
1283 533 1441 610 fuerant.
1481 533 1611 635 Neque

225 696 317 751 vero
334 670 441 747 decet
460 668 500 743 iu
518 666 697 745 seditione
717 659 820 738 nullo
841 660 930 736 mli
957 687 1090 753 sensu,
1119 660 1222 735 nullo
1251 660 1379 735 dolore
1399 659 1611 761 perculsum

227 796 355 875 sedere
375 818 420 871 ac
437 818 546 869 snam
562 791 681 867 vitam
695 789 847 865 beatam
874 784 1112 886 praedicare,
1141 782 1370 884 aliorumque
1388 785 1537 860 interim
1556 809 1610 861 er-

225 919 373 999 roricus
390 917 583 999 delectori,
611 915 680 993 sed
706 926 862 1013 utraque
891 935 973 986 cum
1002 922 1110 1011 parte
1130 909 1383 987 conferendus
1401 934 1544 1005 sermo,
1573 919 1613 986 ut

227 1042 346 1123 mii
366 1053 403 1121 ω
422 1066 616 1144 ‘W‘
801 1137 878 1222 su
899 1139 1042 1221 ross.

333 1310 467 1393 Suidas
494 1337 521 1384 a
541 1335 575 1381 v.
605 1301 758 1408 γραφὴε
787 1304 1037 1382 Instituuntur
1069 1306 1325 1382 accusationes
1353 1307 1467 1381 etiam
1493 1306 1542 1381 ob
1562 1306 1613 1381 le·

224 1465 297 1539 ges
313 1451 349 1515 et
367 1436 537 1526 decreta,
567 1457 661 1535 quae
690 1455 886 1533 perperam
916 1431 991 1508 lata
1011 1429 1206 1525 videntur,
1235 1456 1330 1531 quae
1349 1431 1519 1507 actiones
1540 1457 1612 1502 πα-

225 1557 406 1659 ρανόμων
425 1567 618 1636 vocantur.
656 1559 744 1634 Non
762 1557 881 1634 solum
911 1568 1035 1634 autern
1064 1582 1149 1633 cum
1169 1559 1251 1657 quis
1270 1555 1461 1633 decretum
1481 1568 1545 1632 aut
1562 1558 1612 1633 le-

225 1713 313 1785 gem
331 1685 492 1784 aliquam
511 1693 679 1777 accusat,
703 1678 938 1779 παρανόμων
950 1681 1135 1783 judicium
1152 1682 1345 1759 instituere
1366 1682 1520 1776 dicitur,
1551 1681 1614 1757 sed

225 1837 360 1889 nomen
390 1810 460 1884 hoc
487 1809 533 1883 de
561 1807 643 1884 aliis
670 1807 781 1883 etiam
807 1805 1022 1884 criminibus
1050 1806 1210 1908 publicis
1235 1806 1380 1884 dicitur.
1420 1809 1614 1908 Frequens

226 1947 353 2015 autem
370 1935 472 2013 vocis
492 1959 580 2010 usus
599 1944 655 2010 est
673 1918 781 2036 apud⁴
795 1943 971 2008 oratores.

804 2142 881 2227 Ad
900 2145 1044 2228 1040.

331 2308 542 2389 Secundum
553 2307 700 2385 Zaleuci
719 2307 854 2407 legem,
874 2310 904 2384 si
922 2310 1003 2409 quis
1024 2309 1268 2388 Locrensium
1278 2312 1613 2415 Epizephyriorum

226 2448 427 2535 aegrotans
455 2435 583 2511 vinum
610 2460 753 2511 merum
780 2433 957 2530 bibisset,
987 2462 1063 2510 non
1086 2436 1245 2538 jubente
1274 2437 1442 2528 medico,
1472 2438 1615 2514 etiamsi

227 2561 500 2656 convaluisset,
521 2561 649 2637 mortis
669 2560 702 2635 ei
722 2558 942 2662 supplicium
963 2571 1045 2638 erat
1062 2561 1325 2655 constitutum,
1344 2565 1522 2663 quoniam
1540 2590 1614 2639 non

226 2687 500 2788 praescriptum
518 2685 589 2761 sibi
609 2684 766 2762 biberat.
797 2685 1005 2779 (Aelian.
1026 2687 1132 2764 Var.
1154 2688 1263 2763 hist
1283 2691 1332 2782 ΙΙ,
1353 2689 1436 2780 37.)

334 2808 510 2887 Similiter
538 2808 754 2887 Athenaeus
784 2808 852 2904 (X,
885 2810 1004 2903 429):
1044 2812 1075 2888 Ε
1103 2814 1188 2912 lege
1217 2843 1240 2889 a
1268 2815 1430 2891 Zaleuco
1457 2814 1556 2908 lata,
1585 2816 1614 2890 si

228 2937 309 3038 quis
327 2933 428 3036 apud
448 2935 588 3012 Locros
607 2935 878 3039 Epizephyrios
899 2963 1041 3014 merum
1060 2939 1235 3033 bibisset,
1260 2955 1612 3041 praeterquam

228 3061 266 3136 si
299 3060 515 3137 medicus
547 3059 790 3161 jussisset
826 3063 1139 3139 valetudinis
1174 3089 1342 3160 causa,
1381 3066 1503 3167 capite
1535 3067 1612 3167 ple·

228 3183 407 3262 utebatur.

805 3288 884 3372 Ad
900 3291 1044 3373 1040.

334 3453 546 3530 Secundum
565 3453 730 3530 Platonis
748 3453 871 3553 Leges
891 3455 1000 3548 (928,
1019 3455 1173 3552 c-D),
1194 3459 1224 3532 si
1243 3460 1529 3558 magistratuum
1547 3462 1612 3537 sli-

228 3580 308 3682 quis
327 3579 556 3680 negligentia
582 3577 759 3655 damnum
787 3580 933 3681 pupillo
961 3581 1128 3658 intulisse
1154 3583 1256 3660 visus
1274 3594 1352 3678 est,
1381 3586 1470 3685 quid
1498 3610 1616 3686 puero

225 3704 389 3808 pendere
429 3730 514 3780 eum
550 3713 741 3806 oporteat,
774 3703 955 3804 judicium
983 3707 1196 3801 aestimato,
1234 3710 1264 3784 si
1291 3735 1385 3786 vero
1410 3710 1614 3811 injustitia,

228 3840 377 3931 praeter
392 3829 570 3905 mulctam
589 3854 613 3904 a
630 3827 755 3926 legum
775 3829 946 3906 custodia
964 3843 1187 3908 removetor.

806 4038 883 4123 Ad
901 4042 1046 4125 1040.

252 4247 259 4255 ·
334 4207 544 4285 Secundum
572 4205 741 4283 Platonis
769 4209 927 4307 Leges
956 4209 1062 4303 (XII,
1083 4210 1171 4285 041.
1193 4210 1246 4302 Α)
1277 4213 1307 4286 si
1336 4215 1418 4312 quis
1447 4216 1616 4315 legatum

229 4335 286 4409 vel
316 4359 536 4435 praeconem
563 4335 715 4434 publice
740 4336 896 4412 missum
924 4337 1131 4412 ementiens
1159 4364 1357 4440 perperam
1386 4341 1616 4441 legationem

229 4461 381 4562 suscipit
410 4459 457 4536 ad
486 4461 673 4535 civitatem
701 4458 881 4560 aliquam,
915 4462 976 4536 vel
1004 4462 1140 4537 missus
1158 4488 1236 4537 non
1256 4490 1302 4539 ea
1321 4465 1422 4566 ipsa,
1452 4466 1501 4541 ob
1519 4493 1615 4567 quae

230 4586 360 4660 missus
392 4596 463 4676 est,
494 4584 708 4678 denuntiat,
740 4585 799 4660 vel
827 4609 954 4662 rursus
982 4586 1030 4661 ab
1058 4586 1228 4663 hostibus
1257 4590 1318 4663 vel
1347 4592 1458 4667 etiam
1486 4595 1616 4669 amicis

229 4723 383 4811 accepta
412 4737 488 4784 non
518 4721 615 4786 recte
644 4711 876 4788 renuntiasse
905 4710 966 4788 vel
1003 4714 1255 4813 proclamasse
1292 4730 1504 4819 compertus
1538 4730 1615 4811 est,

229 4839 392 4912 actiones
413 4838 449 4911 in
470 4838 537 4912 hos
555 4847 665 4915 sunto
683 4840 806 4938 utqui
824 4840 863 4914 in
883 4838 1055 4916 Mercurii
1084 4851 1122 4917 et
1139 4842 1252 4917 Jovis
1278 4845 1419 4922 nuntiis
1445 4857 1483 4922 et
1509 4872 1612 4924 man·

230 4963 323 5036 datis
336 4963 399 5062 jus
420 4974 457 5036 et
476 4963 531 5036 fas
551 4963 792 5056 violaverint,
821 4990 907 5041 oum
935 4967 1193 5044 aestimatione
1219 4967 1320 5067 ejus,
1350 4970 1450 5068 quod
1468 4973 1611 5074 patien-

231 5087 317 5161 dum
337 5088 396 5162 vel
417 5085 703 5187 dependendum
723 5090 769 5165 sit
788 5091 1041 5169 condemnato.
