3436 5790
710 396 761 454 nn
782 398 1013 455 roorrronr.
1469 375 1547 456 367

167 599 292 668 mento
312 587 413 670 bona
430 618 500 669 sua
517 591 702 693 aliquibus
730 592 939 693 legaverint
967 593 1136 694 filiosque
1165 618 1227 670 eos
1252 593 1322 669 sibi
1343 592 1545 697 adoptave-

166 717 261 816 rint;
289 743 377 796 nam
395 719 503 797 aliter
520 745 596 795 non
614 718 711 795 lieet.

803 843 916 920 1426.

272 981 363 1060 Ζῶν
389 980 612 1076 ποιησάσθω
639 1013 695 1072 τις
723 979 860 1059 παῖδα·
886 979 986 1080 μετὰ
1014 979 1085 1075 τὴν
1106 981 1286 1075 τελευτήν
1303 989 1360 1060 ἐπ’
1380 980 1545 1060 ἀποστε-

166 1103 266 1209 ρήσει
285 1107 348 1201 τῆς
368 1106 502 1197 οὐσίας
521 1108 622 1209 παροῖ
643 1105 735 1196 τούς
754 1107 898 1209 νόμους
918 1104 939 1201 ἦ
960 1113 1165 1202 εἰσποίησις
1185 1114 1341 1214 γίνεται.

410 1237 621 1332 (Demootia
641 1238 821 1317 Leochar.
843 1240 995 1339 Argum.
1018 1240 1131 1352 1080.
1160 1239 1240 1317 Lex
1259 1237 1439 1331 Solonis.)

804 1399 917 1476 1426.

272 1541 415 1619 Vivens
434 1543 588 1645 adoptet
606 1514 737 1643 aliquia
757 1540 884 1619 filium.
913 1543 1005 1620 Post
1022 1554 1178 1620 mortem
1198 1543 1277 1643 ejus
1297 1553 1425 1619 contra
1441 1541 1546 1638 leges

166 1669 206 1742 fit
223 1667 375 1770 adoptio
395 1669 442 1745 ad
460 1668 675 1769 spoliandos
694 1669 803 1746 bonis
821 1694 959 1767 genere
978 1669 1175 1771 proximos.

802 1829 916 1906 1427.

264 1965 339 2044 ’Ex
356 1966 435 2046 τῶν
453 1967 554 2045 κατὰ
584 1975 692 2076 γένος
721 1968 917 2076 ἐγγυτάτω
946 1973 1130 2047 εἰσποιεῖν
1147 1965 1238 2047 vida
1256 1966 1311 2070 τῷ
1330 1974 1544 2063 τετελευτη-

165 2093 272 2186 κότι,
301 2091 402 2184 ὅπως
421 2090 473 2172 dv
491 2088 513 2172 d
533 2093 642 2184 οἶκος
656 2093 712 2197 μὴ
732 2095 962 2195 ἐξερημωθῇ.

763 2223 976 2317 (Demosth.
997 2223 1080 2299 adv.
1101 2222 1281 2301 Leochar.
1302 2223 1438 2317 1093.)

802 2385 916 2460 1427.

269 2527 417 2605 Mortuo
437 2553 457 2606 e
475 2553 614 2629 genere
633 2529 813 2631 proximis
832 2541 889 2607 est
907 2528 1004 2605 filius
1033 2525 1288 2630 adoptandus,
1321 2553 1369 2604 ne
1387 2529 1546 2605 intereat

166 2654 242 2756 ejus
260 2653 411 2731 familia.

795 2761 908 2840 1428.

271 2900 352 2980 Τὸν
370 2896 601 2984 ὑπεύθυνον
614 2902 668 3006 μὴ
688 2910 898 2998 ἐκποίητον
916 2911 1107 3011 γενέσθαι.

834 3033 1033 3131 (Aeschin.
1052 3034 1091 3109 in
1110 3031 1276 3134 Ctesiph.
1296 3027 1330 3132 ξ.
1354 3031 1437 3125 21.)

800 3196 913 3273 1428.

266 3341 303 3419 Ia
323 3343 386 3441 qui
406 3341 569 3418 rationes
588 3340 719 3436 debet,
748 3367 825 3418 non
844 3351 969 3442 potest
986 3339 1168 3441 adoptari.

796 3520 909 3595 1429.

266 3655 424 3762 Μητρὸς
453 3656 580 3746 οὐδείς
607 3666 709 3736 ἐστιν
737 3662 960 3750 ἐκποίητος,
990 3654 1075 3734 ἀλλ’
1104 3649 1247 3757 ὁμοίιος
1274 3648 1438 3756 ὑπάρχει
1469 3654 1541 3748 την

163 3779 283 3874 αὐτὴν
301 3782 399 3860 εἶναι
413 3793 554 3885 μητέρα
566 3843 576 3876 ,
603 3780 683 3861 κᾶν
711 3792 754 3862 ἐν
782 3782 839 3887 τρῖ
865 3782 1026 3885 πατρώῳ
1046 3788 1145 3883 μένῃ
1174 3815 1229 3872 τις
1249 3783 1350 3883 οἴκῳ
1369 3776 1451 3857 κᾶν
1469 3789 1537 3857 ἐκ·

163 3907 315 4008 ποιηθῇ.
834 3911 1176 4029 (ΙοοειιοΑροΙΙοά.
1196 3910 1273 3989 her.
1294 3904 1327 4012 ξ.
1349 3911 1432 4004 25.)

795 4074 909 4152 1429.

264 4218 392 4296 Matris
421 4244 531 4295 nemo
559 4232 614 4295 est
641 4219 916 4320 emancipatus,
953 4218 1018 4295 sed
1050 4215 1206 4319 perinde
1235 4226 1361 4294 servat
1388 4215 1541 4316 quisque

159 4357 314 4421 matrem
342 4371 469 4441 suam,
497 4347 574 4421 sive
594 4347 632 4421 in
651 4345 763 4421 domo
782 4330 941 4447 paterna
968 4354 1113 4440 manet,
1142 4343 1279 4420 sivein
1299 4342 1460 4418 alienam
1478 4342 1541 4419 ad·

159 4481 317 4570 optatur.

787 4578 901 4657 1430.

259 4715 527 4823 Ἀπογράφειιι
546 4717 636 4817 πρὸς
656 4717 726 4797 τὸν
744 4713 919 4818 ἄρχοντα
939 4714 1030 4805 τούς
1048 4714 1299 4808 εἰσποιήτους.

779 4850 927 4943 (isaeus
947 4848 992 4924 de
1014 4847 1230 4924 Philoctem.
1250 4848 1327 4923 her.
1349 4846 1434 4940 36.)

797 5009 910 5085 1430.

262 5154 444 5232 Filiorum
462 5154 723 5256 adoptatorum
740 5157 895 5232 nomina
913 5155 960 5231 ad
981 5154 1196 5232 archontem
1215 5153 1441 5229 deferantur.
