3436 5790
1494 382 1562 459 VH

281 589 463 677 Accedit
482 590 599 705 quod
619 588 802 676 Petito
832 592 982 705 ignota
1001 591 1158 678 fuerint
1179 593 1312 678 multa
1333 591 1558 680 Anecdota

168 732 364 841 Graeca,
385 744 532 822 nostra
553 737 725 821 demum
747 744 885 820 aetate
907 736 1042 840 edita,
1071 765 1248 850 quorum
1270 738 1557 851 principatum

168 879 298 966 facile
318 879 621 992 Inscriptiones
652 877 841 964 Graecae
876 878 1080 966 obtinent.
1129 881 1196 966 Ite
1224 880 1383 968 tactum
1405 891 1490 985 est,
1511 889 1559 965 ut

168 1023 390 1107 Potitus
416 1022 571 1107 multas
597 1022 918 1106 Atheniensium
940 1023 1057 1136 leges
1080 1052 1167 1109 non
1197 1025 1435 1138 colligeret,
1468 1024 1557 1109 coi·

170 1166 310 1251 lectae
331 1194 433 1250 vero
455 1192 666 1250 summam
690 1169 1014 1279 quingentarum
1036 1194 1122 1252 non
1146 1170 1410 1254 excederent.

282 1324 439 1412 Omnia
459 1327 568 1413 haec
591 1356 658 1412 me
681 1330 829 1414 decem
851 1329 936 1413 fere
959 1328 1114 1414 abhinc
1136 1330 1258 1415 annis
1280 1331 1556 1432 adduxerunt,

174 1478 221 1554 ut
253 1498 402 1556 omnes
437 1479 641 1583 quantum
671 1471 761 1554 fieri
793 1479 940 1583 posset
960 1470 1278 1558 Atheniensium
1302 1474 1418 1585 leges
1441 1471 1557 1558 colii·

174 1642 345 1729 gerem3
378 1614 639 1726 contigitque
670 1613 774 1697 mihi
804 1615 847 1696 in
879 1621 996 1697 tanta
1023 1613 1307 1699 subsidiorum
1328 1617 1457 1701 seculi
1478 1644 1557 1703 no·

174 1757 252 1841 stri
272 1756 418 1866 copia,
441 1767 487 1840 ut
508 1756 619 1839 ultra
641 1756 754 1841 mille
776 1757 1031 1868 quingentas
1054 1757 1293 1867 reperirem.

283 1916 422 2027 Leges
443 1922 586 2000 autem
608 1917 685 2001 has
707 1918 750 1999 in
782 1918 888 2001 duos
921 1918 1043 2002 divisi
1079 1916 1229 2020 libros,
1260 1932 1387 2032 prout
1408 1933 1481 2006 aut
1502 1918 1559 2004 ad

169 2061 242 2170 jus
262 2058 480 2172 publicum
502 2069 576 2144 aut
608 2060 662 2144 ad
693 2061 904 2173 privatum
936 2067 1142 2171 spectant.
1187 2059 1298 2147 Satis
1320 2064 1431 2148 enim
1456 2090 1557 2148 con·

173 2209 261 2286 stat
283 2230 305 2286 e
328 2198 570 2286 clarissimis
591 2200 891 2288 Demosthenis
912 2205 1069 2310 verbis,
1092 2232 1199 2319 quae
1220 2207 1264 2288 in
1285 2234 1380 2293 meo
1402 2206 1558 2292 Prooe-

173 2343 266 2429 mio
288 2342 405 2457 (pag.
433 2345 470 2427 1.
495 2339 528 2456 ξ.
552 2340 611 2453 2.)
632 2345 719 2458 legi
741 2355 939 2458 possunt,
973 2375 1096 2431 omne
1109 2350 1182 2459 jus
1203 2348 1390 2432 Atticum
1412 2350 1456 2432 in
1478 2378 1558 2461 pu·

174 2486 337 2573 blicum
360 2496 403 2572 et
423 2487 638 2601 privatum
659 2486 788 2572 iirisse
811 2486 1003 2572 divisum.

285 2649 553 2737 Editionibus
573 2677 674 2734 usus
697 2679 802 2754 sum,
827 2677 931 2762 quas
953 2657 1069 2735 aetas
1087 2657 1232 2737 nostra
1247 2652 1352 2755 tulit,
1375 2651 1558 2765 optimis.

283 2810 510 2898 Exstantes
548 2814 764 2899 versiones
807 2812 961 2897 latinas
1003 2840 1180 2923 operum
1215 2810 1474 2898 Graecorum
1515 2814 1560 2897 in

174 2983 318 3042 meam
340 2985 430 3041 rem
453 2957 661 3059 converti,
684 2958 784 3068 quin
806 2957 886 3041 illis
911 2968 1064 3041 temere
1087 2984 1283 3044 assensus
1304 2956 1489 3042 fuissem.

283 3116 586 3231 Inscriptiones
609 3126 751 3201 autem
775 3113 982 3220 Graecas,
1014 3118 1197 3221 scholia,
1219 3119 1432 3203 rhetorum
1454 3146 1557 3231 ope·

174 3288 246 3365 rs,
269 3289 448 3374 quorum
468 3259 606 3347 nullas
628 3262 763 3374 reperi
785 3263 1021 3365 versiones,
1043 3261 1136 3373 ipse
1159 3262 1311 3348 redditi
1332 3261 1473 3347 latine.

283 3420 440 3508 Fontes
462 3424 663 3535 denique,
687 3453 710 3508 e
731 3422 883 3535 quibus
904 3424 1021 3535 leges
1042 3432 1085 3507 et
1104 3424 1430 3508 commentarios
1452 3423 1558 3507 hau·

175 3592 337 3669 seram,
359 3576 457 3651 sunt
478 3577 721 3680 sequentes:
753 3569 937 3653 Achilles
958 3566 1127 3669 Tatius,
1151 3565 1372 3670 Aelianus,
1394 3567 1558 3651 Aeneas

177 3703 395 3813 Gazaeus,
418 3709 648 3795 Aeschines
670 3719 830 3810 orator,
851 3709 1106 3818 Aeschylus,
1139 3707 1411 3812 Ammonius,
1439 3709 1557 3793 Ana-

174 3853 378 3957 ximenes,
398 3852 656 3957 Andocides,
678 3851 898 3937 Anecdota
921 3848 1086 3937 Graeca
1108 3850 1305 3954 Bekkeri,
1326 3852 1557 3963 Anonymi,

173 3994 418 4109 Antiphon,
449 3996 738 4108 Aphthonius,
768 3993 1073 4107 Apollodorus,
1100 3992 1367 4107 Apostolius,
1388 3994 1557 4105 Archy·

173 4144 264 4241 tas,
295 4137 522 4242 Aristides,
553 4137 861 4251 Aristophanes
893 4137 1100 4239 comicus,
1133 4135 1437 4249 Aristophanes
1467 4135 1555 4247 By·

177 4282 356 4384 zantius,
376 4280 636 4385 Aristoteles,
658 4282 961 4383 Artemidorus,
985 4279 1243 4383 Athenaeus,
1266 4275 1437 4384 Cicero,
1456 4274 1555 4363 Ole-

174 4451 296 4509 mens
327 4424 657 4528 Alexandrinus,
689 4421 922 4528 Cornutus,
954 4419 1113 4536 Oyrus,
1149 4421 1435 4526 Democritus,
1467 4420 1554 4507 De·

175 4566 443 4671 mostheues‚
470 4567 778 4669 Dicaearchus,
805 4567 1066 4671 Dinarchus,
1100 4566 1184 4651 Dio
1207 4562 1555 4678 Orhysostomus,

173 4707 389 4796 Diodorus
412 4707 598 4814 Siculus,
626 4710 841 4826 Diogenes
862 4712 1078 4816 Laertius,
1113 4710 1427 4824 Diogenianus,
1449 4706 1556 4794 Dio·

172 4853 322 4965 nysius
352 4854 759 4957 Halicarnassensis,
801 4855 1048 4957 Dositheus,
1088 4852 1359 4964 Doxopater,
1390 4851 1556 4963 Ecloga

173 4996 318 5109 legum
341 4998 384 5081 in
406 4996 603 5109 Epitome
636 4998 920 5110 expositarum
953 4998 1035 5110 (ed.
1065 4995 1297 5080 Zachariae
1320 5026 1345 5080 a
1367 4995 1553 5108 Lingeu-

173 5138 297 5244 tbal),
317 5140 505 5254 Eelogae
526 5141 823 5246 Basilicarum,
845 5139 1078 5252 Epictetus,
1100 5139 1445 5252 Etymologioum
1462 5134 1554 5221 Ma·
