3436 5790
593 390 760 460 nanrc'cn
779 406 1003 460 munnam.
1414 384 1490 460 269

745 596 860 675 1066.

208 721 304 800 Ἐάν
323 756 376 813 τις
396 721 559 821 ἀπαχθῇ
582 715 737 815 ἦλωιιιός
756 717 990 820 ἀστρατείας,
1012 720 1208 813 δησάντων
1228 718 1352 798 αὐτόν
1371 725 1406 798 oi
1428 730 1491 800 ίν-

107 850 202 927 δεκα
231 858 301 926 καὶ
331 848 566 955 εἰσαγόντων
595 844 719 924 αὐτόν
747 853 799 936 εἰς
827 844 899 939 τήν
928 841 1091 940 ἡλιαίαν.
1124 851 1389 952 Κατηγορείτω
1409 840 1490 924 δέό

107 975 354 1074 βουλόμενος,
385 973 441 1063 οἷς
461 979 614 1066 ἔξεστιν.
640 970 739 1048 Ἐάν
758 970 793 1045 δ’
811 965 895 1072 cito}
906 1031 917 1063 ,
947 972 1090 1072 τιμάτω
1111 967 1131 1065 ἦ
1155 967 1301 1065 ἡλιαία,
1323 967 1345 1048 ὅ
1365 1003 1400 1046 τι
1414 969 1490 1070 χρὴ

108 1107 251 1180 παθεῖν
270 1099 393 1177 αὐτόν
414 1097 437 1194 ἢ
456 1097 649 1188 άποτίσαι,
679 1093 747 1175 ἐάν
765 1095 798 1172 δ’
819 1094 1007 1202 ἀργυρίου
1025 1097 1182 1197 τιμηθῇ,
1203 1095 1370 1175 δεδέσθω
1389 1103 1490 1187 τέως,

108 1237 171 1316 ἕως
190 1222 241 1306 άν
260 1232 403 1324 ἐκτίσῃ.
1426 1325 1428 1328 Α

366 1339 467 1433 (Lex
487 1335 634 1414 Solonis
660 1336 761 1438 apud
780 1336 974 1414 Demosth.
994 1337 1033 1412 in
1054 1337 1253 1414 Timocrat.
1272 1335 1383 1427 733.)

741 1498 854 1574 1666.

215 1625 254 1701 si
274 1628 356 1727 quis
374 1625 557 1701 abductus
576 1625 687 1700 fuerit
705 1623 896 1701 convictus
916 1625 1085 1704 desertae
1106 1623 1274 1717 militiae,
1303 1623 1490 1699 undecim-

110 1753 176 1827 viri
196 1778 279 1827 enm
299 1751 491 1826 vinciunto
511 1761 549 1825 et
566 1751 605 1825 in
616 1750 811 1826 Heliaeam
829 1747 1116 1845 introducunto;
1135 1760 1285 1825 accuset
1305 1760 1427 1826 autem
1447 1775 1493 1826 ex

108 1878 150 1952 iis
179 1877 241 1976 qui
269 1876 418 1972 integra
445 1875 595 1951 civitate
619 1876 814 1969 fruuntur,
845 1877 1055 1977 quicunque
1075 1874 1246 1952 voluerit.
1283 1877 1493 1951 Damnatus

108 2004 138 2078 si
157 2003 225 2097 sit,
254 2003 425 2078 aestimet
444 2003 618 2098 Heliaea,
648 2001 737 2103 quid
758 2030 843 2080 eum
861 2005 964 2080 luere
985 2010 1158 2104 oporteat
1177 2012 1242 2077 aut
1259 1998 1415 2078 solvere.
1454 1999 1494 2077 Si

109 2128 320 2229 pecuniaria
348 2127 487 2203 mulcta
514 2128 548 2204 ei
587 2127 688 2204 dicta
716 2127 848 2223 fuerit,
886 2129 925 2204 in
956 2126 1114 2203 vinculis
1143 2136 1333 2221 tencatur,
1372 2125 1489 2202 donec

110 2254 271 2330 solverit.

747 2359 859 2434 1667.

219 2481 299 2561 Τόν
318 2487 499 2560 λείποντα
519 2479 590 2573 τὴν
608 2473 687 2558 άπὸ
707 2482 781 2557 τοῦ
799 2482 1011 2586 στρατηγοῦ
1034 2484 1142 2576 τάξιν
1161 2490 1387 2580 ταχθεῖσαν,
1407 2474 1491 2555 άτι-

107 2640 184 2708 μον
203 2607 408 2711 προσήκειν
428 2606 537 2699 εἶναι,
567 2612 635 2682 καί
651 2604 815 2715 μηδενός
836 2605 913 2684 τῶν
931 2609 1081 2686 κοινάν
1096 2617 1281 2708 μετέχειν.

674 2737 885 2832 (Demosth.
905 2765 974 2840 pro
992 2737 1169 2816 Rhodios.
1191 2739 1254 2816 lib.
1276 2739 1386 2831 200.)

749 2902 862 2980 1067.

213 3031 390 3106 Desertor
409 3030 587 3125 assignati
605 3028 729 3107 aduoe
749 3029 890 3106 ordinis
909 3030 1112 3130 ignominia
1131 3030 1318 3107 notandus
1340 3039 1377 3107 ct
1398 3056 1420 3104 a
1439 3053 1493 3104 re·

37 3192 40 3196 ·
110 3152 260 3256 publica
278 3152 459 3231 arcendus
479 3164 544 3230 est.

742 3262 857 3338 1068.

211 3363 282 3444 Ἐν
310 3377 389 3454 τοῖς
415 3362 550 3453 αὐτοῖς
579 3370 780 3463 ἐπιτιμίοις
809 3371 1011 3461 ἐνέχεσθαι
1045 3364 1113 3442 τόν
1141 3364 1396 3467 ἀστράτευτον
1425 3372 1494 3442 καὶ

109 3491 177 3569 τόν
205 3489 406 3567 λελοιπότα
435 3489 506 3583 τὴν
527 3489 638 3582 τάξιν
655 3498 724 3565 καί
743 3488 816 3566 τόν
834 3488 962 3568 δειλόν
982 3483 1134 3591 ὁμοίως.
1164 3500 1241 3569 Καὶ
1261 3490 1333 3569 τόν
1351 3490 1494 3590 ἀστρά-

108 3647 245 3694 τευτον
267 3623 337 3693 καί
355 3614 427 3696 τόν
455 3613 584 3693 δειλόν
602 3622 670 3691 καί
690 3613 761 3693 τόν
779 3613 940 3692 λιπόντα
959 3616 1031 3709 την
1049 3617 1157 3711 τάξιν
1177 3623 1248 3712 ἔξω
1267 3619 1346 3695 τῶν
1366 3648 1491 3717 περιρ-

109 3750 319 3845 ραντηρίων
345 3745 408 3834 τῆς
437 3739 579 3848 ἀγορᾶς
607 3746 765 3843 ἐξαίρειν
775 3799 786 3832 ,
814 3747 884 3818 καὶ
909 3739 962 3841 με)
991 3743 1060 3821 aiv
1090 3742 1380 3842 στεφανοῦσθαι
1407 3740 1493 3820 οὐδ’

110 3876 262 3950 εἰσιέναι
283 3874 335 3956 είς
355 3866 402 3944 τά
421 3866 502 3971 ίερά
522 3866 568 3944 τά
590 3867 785 3969 δημοτελῆ.
816 3947 821 3961 ,

131 4058 138 4073 .
270 4001 370 4094 (Lex
390 3997 538 4076 Solonis
557 3998 656 4100 apud
676 3997 848 4078 Aeschin.
867 4001 906 4076 in
927 3999 1093 4103 Ctesiph.
1114 3995 1148 4102 ξ.
1170 4000 1258 4076 176.
1280 4001 1388 4094 176.)

217 4269 355 4348 lisdem
375 4269 506 4372 poenis
524 4162 886 4370 obstringatdrodtfiis
904 4270 971 4371 qui
987 4270 1155 4348 militiam
1175 4269 1440 4348 detrectaverit
1459 4284 1496 4348 et

109 4398 170 4498 qui
189 4397 236 4474 de
261 4396 422 4472 statione
452 4395 652 4472 decesserit
680 4408 718 4471 et
746 4396 856 4472 simul
884 4398 947 4497 qui
974 4396 1126 4473 timidus
1154 4396 1261 4473 miles
1289 4396 1409 4474 fuerit.
1448 4397 1497 4472 Et

109 4523 277 4600 militiam
296 4522 573 4622 subterfugiens
593 4532 631 4597 et
648 4520 799 4597 timidus
818 4532 856 4598 et
874 4522 1044 4598 desertor
1072 4520 1286 4598 lustralibus
1307 4522 1405 4599 vasis
1425 4521 1496 4600 fori

112 4649 371 4750 prohibeatur,
401 4658 439 4723 et
465 4672 605 4723 corona
632 4646 765 4722 donari
794 4672 871 4723 non
897 4647 1134 4749 permittatur
1158 4658 1194 4723 et
1212 4647 1402 4726 sacrificiis
1429 4675 1494 4749 pu·

109 4775 207 4852 blico
227 4774 376 4852 nomine
394 4773 571 4850 institutis
591 4779 771 4849 arceatur.

744 4916 858 4991 1060.

210 5021 455 5123 Ἀστρατείας
474 5018 641 5112 άλιόναι,
672 5017 780 5110 ὅστις
798 5025 1019 5126 καταλεγεὶς
1037 5017 1085 5097 οὐ
1107 5022 1217 5122 παρῇ.

800 5152 952 5256 (Lysias
971 5178 1002 5229 ο.
1021 5149 1204 5233 Alcibiad.
1222 5153 1251 5230 1.
1271 5147 1305 5253 §.
1328 5151 1383 5244 7.)
