3436 5790
161 344 238 420 lta
516 363 519 376 ·
543 367 851 421 counrarsnms
872 365 924 414 so
945 362 1006 417 rra.
1028 363 1090 418 rra.
1112 363 1174 420 1⁷5.

161 564 251 639 lium
269 561 527 656 abstinuisset,
556 561 813 659 magistratum
830 584 966 661 capere
984 571 1121 662 posset.
1151 553 1435 652 (Aristotel.
1466 551 1551 626 Po·

161 689 231 765 lit.
251 690 319 782 III,
341 689 376 782 3,
396 689 452 779 4.)

755 788 830 873 Ad
857 791 961 874 1⁷2.

269 958 429 1035 Pericles
449 959 549 1060 apud
569 958 829 1062 Thucydidem
846 960 916 1055 (II,
934 958 1005 1050 37)
1025 958 1133 1034 dicit:
1153 958 1291 1033 utimur
1310 979 1356 1030 ea
1374 947 1552 1052 reipubli-

162 1110 227 1162 cae
247 1085 369 1162 forma
388 1083 614 1179 (πολιτείᾳ),
645 1110 739 1184 quae
770 1085 927 1161 aliarum
956 1084 1149 1160 civitatum
1173 1085 1276 1182 leges
1294 1107 1371 1158 non
1390 1074 1553 1153 aemule·

163 1221 242 1301 tur,
271 1209 343 1285 imo
372 1234 462 1286 vero
492 1209 562 1311 ipsi
583 1208 692 1284 alicui
711 1210 836 1311 potius
857 1209 1029 1310 exemplo
1049 1234 1196 1304 sumus,
1225 1231 1339 1308 quam
1358 1203 1452 1281 alios
1471 1201 1553 1276 imi-

163 1345 295 1410 tamur.
334 1336 382 1410 Et
410 1335 561 1412 nomine
591 1333 740 1434 quidem
765 1335 947 1437 populare
964 1334 1161 1436 imperium
1181 1329 1464 1428 (δημοκρατία)
1485 1349 1551 1400 νο-

163 1472 286 1553 cotim,
314 1459 417 1560 quod
445 1487 523 1536 non
551 1460 599 1536 ad
628 1485 788 1564 paucos,
817 1462 882 1538 sed
911 1459 1112 1562 adplures
1136 1486 1260 1537 rerum
1279 1451 1554 1535 administratio

163 1584 344 1687 pertinet,
372 1584 545 1661 fruuntur
573 1611 663 1660 vero
693 1612 712 1661 e
740 1586 866 1683 legum
896 1586 1126 1689 praescripto
1154 1584 1193 1660 in
1223 1583 1380 1687 privatis
1404 1590 1555 1658 contro-

163 1710 293 1789 versiis
311 1736 438 1786 omnes
458 1735 576 1810 aequo
595 1709 700 1810 jure,
729 1708 795 1785 sed
814 1710 914 1811 quod
934 1710 982 1786 ad
1002 1710 1297 1787 aestimationem
1325 1706 1480 1798 attinet,
1510 1714 1552 1779 ut

165 1836 318 1936 quisquo
345 1834 469 1935 aliqua
487 1835 526 1909 in
544 1860 584 1910 re
602 1836 701 1911 bene
730 1834 851 1927 audit,
881 1837 934 1910 ita
964 1836 1073 1912 etiam
1102 1863 1199 1912 non
1227 1837 1394 1937 potius
1424 1828 1555 1933 quod

164 1961 230 2035 sit
257 1985 312 2037 ex
341 1958 511 2058 aliqua
539 1958 722 2034 civium
753 1970 916 2060 parte,
955 1986 1095 2060 quam
1123 1960 1333 2036 virtutis
1361 1957 1555 2059 gratia,

164 2086 211 2160 in
238 2083 504 2185 republica
542 2082 660 2158 aliis
698 2084 1046 2186 anteponitur,
1084 2111 1242 2191 neque
1272 2086 1420 2160 etiam
1449 2109 1555 2196 pro·

165 2220 275 2310 pter
307 2218 657 2313 paupertatem
694 2209 978 2311 quisquam,
1019 2210 1273 2287 dummodo
1310 2210 1482 2308 aliqua
1509 2208 1558 2282 in

165 2360 215 2410 re
235 2335 441 2412 civitati
467 2335 710 2437 prodesse
734 2335 917 2438 possit,
947 2334 1557 2435 dignitatisobscuritate

164 2460 444 2563 impeditur.

272 2586 548 2690 Xenophon
576 2585 625 2662 in
650 2584 819 2663 Athen.
844 2586 1051 2689 Republ.
1078 2591 1108 2684 I,
1133 2589 1177 2663 2:
1206 2586 1378 2689 Aequum
1398 2616 1481 2667 ease
1502 2588 1557 2662 vi-

166 2711 293 2804 detur,
322 2723 362 2787 ut
387 2738 514 2789 omnes
544 2713 827 2810 magistratuum
856 2712 1057 2814 participes
1086 2716 1199 2810 fiant,
1230 2715 1309 2791 sive
1329 2741 1396 2815 per
1415 2724 1560 2791 sortem

166 2838 243 2912 sive
263 2862 331 2939 per
349 2838 576 2934 suffragium.
608 2839 750 2929 (Δοκεῖ
777 2830 936 2911 δίκαιον
966 2831 1065 2910 εἶναι
1094 2835 1185 2912 πᾶσι
1214 2834 1293 2912 τῶν
1323 2833 1457 2935 ἀρχῶν
1482 2866 1558 2934 με-

165 2967 287 3036 τεῖναι
307 2959 351 3034 ἔν
369 2989 408 3033 τε
426 2955 481 3057 τῷ
501 2955 632 3058 κλήρῳ
651 2964 720 3034 καὶ
739 2965 783 3035 ἐν
801 2956 846 3056 τῇ
861 2962 1123 3060 χειροτονίᾳ.)

273 3089 317 3165 In
337 3085 456 3162 Cnido
478 3087 508 3162 si
527 3099 636 3190 pater
654 3089 912 3186 magistratum
932 3087 1144 3186 obtinebat,
1176 3092 1273 3168 iilius
1293 3119 1315 3168 a
1333 3091 1559 3188 magistratu

168 3211 458 3310 excludebatur,
486 3226 522 3289 et
541 3214 572 3289 si
591 3214 717 3316 plures
737 3217 872 3318 fratres
891 3227 1019 3304 erant,
1048 3217 1117 3292 soli
1138 3226 1228 3295 natu
1247 3217 1409 3294 maximo
1430 3216 1555 3292 aditus

167 3338 214 3417 ad
233 3338 492 3439 magistratum
511 3341 674 3441 patebat.
703 3337 982 3435 (Aristotel.
1003 3342 1147 3419 Polit.
1168 3343 1214 3439 V,
1236 3346 1269 3436 5,
1291 3343 1348 3434 3.)

276 3716 399 3794 Schol.
427 3717 467 3793 in
495 3715 731 3819 Aristophan.
762 3717 928 3817 Equites.
957 3718 1030 3792 41:
1060 3709 1149 3813 Πρὸ
1177 3713 1242 3806 τῆς
1271 3709 1449 3815 εὑρέσεως
1477 3713 1561 3792 τῶν

171 3839 313 3942 ψήφων
330 3835 497 3938 κυάμοις
524 3838 695 3940 ἐχρῶντο
724 3845 766 3916 ἐν
791 3850 872 3927 ταῖς
885 3843 1146 3938 χειροτονίαις
1164 3838 1244 3916 τῶν
1262 3837 1469 3939 ἀρχόντων
1487 3849 1561 3917 καὶ

169 3976 211 4045 ἐν
230 3978 311 4054 ταῖς
330 3969 563 4056 ἐκκλησίαις.
593 3968 715 4064 (Ante
743 3970 1001 4046 inventionem
1030 3970 1257 4047 calculorum
1283 3947 1380 4048 fabis
1400 3973 1559 4048 uteban-

169 4109 228 4171 tur
247 4096 285 4169 in
304 4097 484 4172 electione
504 4094 790 4192 magistratuum
807 4107 846 4171 at
862 4096 902 4171 in
921 4095 1195 4188 concionibus.)

759 4305 835 4388 Ad
861 4306 970 4390 1⁷⁵.

277 4473 610 4573 Harpocratio
629 4499 658 4547 s.
678 4499 713 4548 v.
734 4466 1012 4567 δοκιμασθείςε
1041 4472 1235 4575 Lycurgus
1260 4474 1489 4552 iactatione
1510 4476 1557 4553 de

170 4596 491 4675 administratione
510 4598 616 4676 dicit:
646 4610 721 4675 tres
745 4600 1022 4703 explorationes
1050 4598 1254 4676 secundum
1285 4603 1388 4700 leges
1416 4600 1560 4677 institui

170 4722 310 4816 solent,
340 4748 415 4798 una
433 4751 508 4824 qua
525 4751 661 4802 novem
690 4725 908 4819 archontes,
938 4727 1103 4803 secunda
1132 4753 1207 4827 qua
1235 4739 1419 4822 oratores,
1450 4729 1561 4803 tertia

66 4936 73 4945 ⁶
171 4872 244 4946 qua
261 4846 350 4922 belli
370 4849 482 4927 duces
501 4850 781 4952 explorantur.“
823 4853 1008 4952 Loquitur
1036 4864 1162 4928 tamen
1180 4854 1219 4928 in
1239 4853 1370 4930 eadem
1390 4854 1560 4929 oratione

170 4972 282 5047 etiam
304 4973 350 5049 de
369 4976 536 5074 equitum
555 4976 819 5075 exploratione.

375 5097 458 5175 “rx
487 5100 591 5192 Vlll,
620 5101 693 5173 44:
724 5102 945 5201 Exploratio
975 5099 1231 5198 (δοκιμασία)
1254 5104 1464 5182 habebatur
1481 5131 1559 5181 ma-
