3436 5790
450 398 756 449 conmonuemus
778 400 832 448 so
852 394 915 451 sss.
935 396 998 451 ose.
1018 392 1082 452 σεο.
1100 396 1164 452 sos.
1409 376 1488 450 505

98 588 259 689 aliquem
279 600 413 666 testem
431 591 627 683 excitavit,
657 588 757 666 dioto
776 588 990 666 testimonio
1009 592 1233 668 sententiam
1253 591 1354 667 eain
1373 617 1486 672 causa

99 740 148 794 ne
166 717 273 794 ferto.

686 818 762 901 Ad
782 821 898 903 08³.

72 987 78 997 ’
207 988 350 1089 Legem
368 990 562 1090 composui
581 1015 628 1066 ex
646 988 704 1065 his
725 990 882 1066 oratoris
900 990 1045 1067 verbis:
1065 981 1114 1063 σύ
1135 982 1210 1092 γὰρ
1228 985 1342 1064 δόσιν
1359 983 1488 1063 αὐτόν

100 1113 137 1187 oi
166 1108 279 1209 νόμοι
303 1121 533 1210 μαρτυρεῖν·
563 1107 656 1188 ὅτε.
680 1118 810 1191 ...έν
834 1110 889 1212 τῷ
919 1109 1151 1214 δικαστηρίῳ
1181 1107 1258 1204 ἥλω
1286 1117 1356 1188 καὶ
1385 1104 1486 1204 ἥτι-

95 1233 249 1336 μώθη.
281 1241 388 1334 (Νοη
408 1241 508 1318 σείει
526 1240 653 1317 sinunt
672 1243 777 1342 leges
795 1265 882 1317 eum
900 1241 1154 1321 testimonium
1173 1242 1295 1319 dicere
1315 1299 1324 1318 .
1344 1301 1352 1318 .
1373 1298 1381 1317 .
1401 1243 1505 1342 quia-

99 1365 292 1462 injudicio
311 1366 509 1443 damnatus
525 1366 808 1468 ignominiaque
826 1377 979 1444 notatus
997 1369 1086 1461 est.)

687 1577 765 1663 Ad
786 1580 903 1662 089.

207 1741 332 1822 Schol
351 1744 391 1820 in
411 1741 583 1822 Aeschin.
603 1742 683 1823 fals.
713 1746 825 1845 legat
848 1744 919 1820 19:
941 1732 1002 1816 ‘H
1014 1738 1086 1817 τοῦ
1107 1739 1162 1840 μη
1182 1739 1371 1840 παρόντος
1384 1771 1489 1841 μαρ-
1609 1817 1611 1821 .

101 1869 212 1965 τορία
231 1871 405 1942 καλεῖται
424 1871 682 1966 ἐκμαρτυρίαι·
710 1867 788 1943 τῶν
807 1862 1116 1965 ἀποδημούντων
1141 1863 1216 1970 γάρ
1246 1873 1318 1943 καί
1340 1866 1419 1944 τῶν
1433 1863 1489 1965 μή

103 1990 328 2090 δυναμένων
345 1999 478 2070 ἐλθεῖν
496 1997 550 2080 εἰς
567 1989 613 2069 τό
634 1991 882 2090 δικαστήριον
899 1998 969 2068 καί
987 1989 1056 2080 τός
1074 1991 1153 2069 τοῖν
1166 1987 1489 2084 τετελευτηκότων

97 2121 308 2218 μαρτυρίας
337 2125 384 2195 ἐκ
402 2123 676 2223 γραμματείων
704 2116 995 2224 ἀνεγίνωσκον,
1025 2121 1072 2195 αλ
1096 2120 1316 2196 ἐκαλοῦντο
1343 2125 1490 2217 ἐκμαρ-

102 2245 238 2341 τυρίαι.
287 2245 495 2340 (Absentis
524 2247 776 2324 testimoninm
806 2258 961 2325 vocatur
989 2248 1220 2325 contestatio.
1258 2247 1492 2324 Testimonia

102 2373 199 2448 enim
218 2397 374 2473 peregre
393 2374 726 2474 proficiscentium,
746 2372 806 2448 vel
827 2399 954 2450 coram
967 2372 1157 2471 judicibus
1177 2399 1395 2474 comparere
1413 2396 1491 2448 non

101 2499 325 2593 valentium,
354 2501 416 2576 vel
441 2508 674 2576 mortuorum
702 2524 722 2574 e
751 2499 898 2601 scriptis
917 2498 1056 2576 tabulis
1074 2499 1364 2600 praelegebant‚
1393 2523 1491 2598 quas

102 2626 393 2701 contestationes
412 2623 673 2717 vocabantur.)

690 2832 766 2916 Ad
786 2835 902 2919 000.

211 2999 390 3102 Polybius
409 3002 494 3094 XII,
514 3000 577 3097 27,
601 2999 643 3077 l:
671 2995 774 3074 κατσὶ
793 2992 1160 3097 τόνἭρόκλειτον·
1186 2994 1393 3098 ὀφθαλμοὶ
1413 2997 1491 3074 τῶν

103 3116 212 3200 ὤτων
240 3120 501 3224 ἀκριβέστεροι
524 3122 724 3225 μάρτυρες.
755 3126 991 3221 (Secundum
1018 3126 1252 3205 Heraclitum
1279 3127 1377 3204 oouli
1406 3136 1494 3202 sunt

102 3265 215 3332 testes
235 3255 411 3332 certiores
430 3253 614 3348 auribus.)

691 3407 767 3491 Ad
787 3407 904 3491 093.

506 3575 771 3677 Exemplar
797 3575 1090 3654 testimonii.

208 3719 403 3796 Demosth.
424 3719 462 3794 in
482 3717 646 3796 Midiam.
667 3718 767 3793 540:
797 3719 1062 3807 Καλλισθένης
1081 3712 1275 3812 Σφήττιος
1287 3771 1298 3803 ,
1328 3712 1493 3819 Διόγνη-

103 3874 168 3931 τος
201 3844 402 3940 Θορίκιος,
428 3844 657 3933 Μνησίθεος
681 3835 962 3932 Ἀλωπεκῆθεν
990 3838 1155 3940 οἴδαμεν
1182 3845 1432 3938 Δημοσθένη,
1462 3829 1494 3942 ᾧ

99 3968 396 4070 μαρτυροῦμεν,
416 3970 546 4067 κρίσιν
565 3964 782 4071 λελογχότα
800 3964 950 4068 Μειδίᾳ
971 3966 1127 4060 ἐξούλης
1137 4024 1149 4059 ,
1168 3967 1226 4068 τῷ
1242 3970 1313 4042 καὶ
1332 3966 1409 4047 νῦν
1428 3959 1495 4044 ὑπ’

104 4093 229 4173 αὐτοῦ
250 4099 468 4195 κρινομένῳ
488 4091 675 4194 δημοσίᾳ,
704 4097 773 4168 καὶ
796 4085 865 4184 ἤδη
883 4090 928 4190 τῇ
947 4098 1072 4192 κρίσει
1090 4097 1222 4191 ἐκείνη
1242 4090 1497 4199 διαγεγονότα

104 4227 168 4315 έτη
187 4218 313 4311 ὀκτώ,
344 4226 414 4297 καὶ
442 4219 514 4297 τοῦ
539 4216 690 4320 χρόνου
719 4225 976 4322 γεγενημένον
1003 4215 1147 4307 παντὸς
1174 4220 1305 4297 αἴτιον
1322 4217 1497 4299 Μειδίαν

104 4346 165 4425 ἀεὶ
183 4345 521 4447 προφασιζόμενον
538 4352 607 4423 καὶ
627 4342 961 4446 ἀναβαλλόμενον.
1001 4347 1272 4443 (Callisthenes
1291 4347 1504 4450 Sphetliuk

103 4479 313 4576 Diognetus
332 4477 547 4570 Thoricius‚
576 4475 807 4553 Mnesitheus
826 4473 1091 4576 Alopecensis‚
1120 4474 1257 4553 scimus
1278 4475 1497 4553 Demosthe-

104 4628 211 4697 nem,
238 4605 296 4679 cui
315 4603 568 4680 testimonium
587 4603 764 4697 dicimus,
792 4601 893 4678 diem
911 4601 1049 4680 dixisse
1067 4600 1121 4679 rei
1133 4599 1327 4702 judicatae
1346 4599 1494 4694 Midiae,

105 4730 168 4830 qui
188 4729 300 4805 etiam
318 4754 417 4805 nunc
434 4729 482 4805 ab
504 4753 549 4804 eo
567 4725 719 4831 publico
738 4728 895 4806 crimine
922 4737 1139 4819 accusatur,
1169 4738 1206 4805 et
1226 4728 1308 4829 jam
1326 4752 1393 4827 per
1413 4735 1498 4802 octo

104 4882 224 4932 annos
243 4853 345 4930 illam
363 4854 466 4931 litem
486 4854 666 4955 pendere,
695 4879 739 4931 ac
767 4855 881 4930 totius
905 4853 1012 4954 hujus
1031 4878 1158 4931 morae
1177 4876 1327 4932 oausam
1346 4849 1498 4927 Midim

105 4982 291 5071 extitisse,
321 5007 469 5082 semper
487 4981 797 5080 tergiversantem
817 4991 854 5057 et
871 4978 1241 5081 procrastinantem.)
