3404 5782
157 356 235 435 012
513 376 825 431 contemnamus
844 373 899 426 nn
917 372 996 428 aaa.
1016 372 1095 428 ress.
1116 371 1207 428 ress.

158 583 234 667 est,
263 595 350 647 nam
378 582 417 649 et
444 570 536 647 haec
563 571 685 672 neptis
712 567 795 647 Ioco
814 577 891 662 est3
919 565 985 644 sed
1002 567 1056 644 ita
1073 567 1238 644 demum
1260 566 1345 642 erit
1363 589 1434 641 sua
1454 563 1548 658 heres,

157 699 188 775 si
207 697 324 790 filius,
344 696 451 797 cujus
469 697 508 772 in
526 721 639 772 manu
659 695 746 788 fuir,
776 718 860 769 cum
879 703 987 794 pater
1006 693 1186 788 moritur,
1210 692 1256 768 in
1278 701 1478 792 potestate
1494 693 1547 791 eju

156 822 309 898 nonsit.
348 823 513 898 Postumi
532 847 700 922 quoque,
720 819 803 920 qui,
823 818 854 894 si
873 818 961 895 vivo
981 829 1136 920 parente
1156 820 1245 894 nati
1267 829 1433 912 esseut,
1451 820 1487 892 in
1503 846 1545 919 pc

155 954 289 1023 testate
308 946 388 1047 ejus
406 946 520 1023 futuri
545 945 696 1039 forent,
714 945 769 1020 sui
797 941 953 1020 heredes
981 953 1078 1019 sunt.
1097 1001 1106 1018 .
1127 1001 1136 1019 .
1156 942 1168 1020 .'
1190 941 1301 1020 Oum
1327 941 1433 1020 filius
1453 943 1546 1019 filiave

156 1079 193 1147 et
211 1095 257 1147 ex
275 1070 394 1149 altero
414 1071 489 1146 filio
508 1081 664 1171 nepotes
683 1077 862 1169 neptesve
892 1077 1039 1161 extant,
1068 1069 1217 1169 pariter
1237 1067 1292 1145 ad
1321 1067 1545 1146 hereditatem

156 1207 356 1289 vocantur,
384 1221 472 1271 nec
508 1196 589 1295 qui
625 1192 780 1291 gradu
816 1193 1217 1293 proximiorem,
1259 1193 1545 1272 altericren

155 1320 389 1399 excludit.
409 1319 583 1397 ...Pari
611 1318 754 1396 ratione
783 1329 821 1394 et
849 1318 1018 1419 sinepos
1047 1317 1226 1419 neptisve
1254 1319 1312 1396 sit
1344 1345 1370 1395 e
1402 1319 1545 1397 fihoetc

155 1455 291 1548 nepote
310 1470 498 1548 pronepos
517 1444 781 1546 proneptisvs‚
810 1442 919 1518 simul
939 1468 1066 1519 omnes
1085 1455 1281 1521 vocantur
1304 1445 1362 1523 ad
1384 1445 1545 1524 heraditu-

154 1581 239 1646 tem.
259 1628 267 1645 .
286 1627 295 1648 .
316 1628 324 1647 .
344 1571 393 1647 Et
411 1570 640 1647 conveniens
657 1593 740 1644 esse
760 1569 882 1643 visum
900 1576 977 1662 est,
998 1593 1074 1642 non
1092 1569 1132 1643 in
1151 1569 1316 1670 capita,
1337 1571 1412 1649 sed
1431 1574 1470 1648 in
1487 1573 1546 1649 sh'r·

154 1721 222 1796 pes
240 1695 483 1773 hereditatem
502 1693 636 1787 dividi,
668 1695 721 1770 ita
748 1705 789 1768 ut
809 1693 905 1769 filius
925 1704 1070 1793 partem
1101 1692 1312 1773 dimidiam
1349 1698 1547 1776 hereditatis

154 1818 249 1898 ierat
267 1830 360 1898 etex
377 1818 495 1896 altero
514 1817 590 1894 filio
610 1817 685 1894 duo
704 1817 880 1917 pluresve
898 1830 1054 1919 nepotes
1073 1819 1238 1896 alteram
1260 1820 1483 1903 dimidiam.
1499 1884 1507 1899 .
1523 1883 1546 1899 ..

155 1943 195 2020 Si
215 1944 337 2021 nullus
356 1945 404 2020 sit
421 1970 571 2021 suorum
591 1942 789 2036 heredum,
819 1952 907 2016 tunc
935 1941 1121 2022 hereditas
1151 1946 1336 2046 pertinet
1370 1975 1421 2028 ex
1442 1950 1547 2028 eaden

154 2069 237 2168 lege
264 2069 348 2146 XII.
367 2069 575 2146 tabularum
603 2067 650 2144 ad
679 2065 900 2165 adgnatos..
921 2123 956 2142 ..
977 2069 1063 2147 Non
1092 2080 1226 2148 umen
1250 2077 1449 2152 omnibus
1467 2077 1548 2153 simul

154 2194 301 2292 agnatis
328 2192 479 2270 datlen
506 2194 592 2271 XII.
612 2190 824 2269 tabularum
855 2189 1121 2288 hereditatem,
1150 2195 1224 2272 sed
1248 2196 1341 2297 his,
1379 2204 1448 2301 qui
1467 2215 1549 2289 tunc,

152 2343 236 2394 cum
255 2329 398 2396 certum
417 2330 474 2396 est
492 2318 650 2420 aliquem
667 2320 842 2396 intestato
862 2316 1083 2414 decessisse,
1108 2324 1301 2421 proximo
1324 2328 1459 2423 gradu
1478 2342 1550 2403 sunt.

154 2441 738 2545 (stilnstit.III,1-11.)

727 2640 802 2736 ‘Ad
823 2651 967 2736 1³03.

259 2838 435 2917 Suidas
462 2869 491 2917 s.
510 2867 545 2917 v.
569 2832 824 2912 'Aventtmas
853 2839 893 2916 si
921 2841 983 2939 qui
1011 2841 1090 2917 sine
1119 2852 1376 2925 testamento
1406 2850 1551 2928 decesse-

37 2977 39 2980 ’
152 2974 255 3058 rant,
275 2989 401 3041 eorum
419 2964 663 3042 hereditatem
681 2964 766 3062 lege
796 2963 865 3041 sibi
891 2964 1080 3041 vindicare
1101 2979 1298 3069 poterant
1319 3000 1473 3072 genere
1490 3002 1552 3077 prc

152 3089 250 3165 ximi.
271 3090 523 3191 Quaecunque
543 3101 667 3166 tamen
687 3090 768 3189 quis
787 3101 828 3165 ut
848 3091 944 3167 filius
960 3103 1024 3168 aut
1042 3116 1164 3194 nepos
1185 3095 1379 3176 defuncti
1400 3101 1475 3178 sibi
1493 3102 1551 3176 vin·

152 3213 316 3308 dicabat,
338 3241 393 3292 ea
401 3215 634 3292 vocabantur
652 3207 858 3287 ἀνεπίδικα
880 3217 1239 3312 (incontestabilia).
1325 3314 1328 3321 .

257 3358 389 3437 Idem
417 3386 445 3436 s
466 3387 499 3434 v.
530 3353 711 3432 ἐπίδικοι.
737 3362 844 3455 Quae
871 3362 953 3462 quis
972 3363 1042 3438 sibi
1061 3361 1298 3444 vindicabat
1320 3384 1489 3491 propter
1504 3397 1550 3470 ge·

151 3484 249 3561 neris
269 3485 663 3587 propinguitatem,s1
653 3485 878 3561 defunctus
898 3512 967 3562 nec
987 3485 1069 3563 filiis
1088 3513 1158 3562 nec
1180 3497 1416 3592 nepotibus
1436 3499 1552 3576 relies

150 3635 219 3687 nec
238 3621 293 3685 tes
295 3619 460 3686 taurento
487 3609 636 3687 condito
665 3609 900 3702 decessisset,
931 3636 975 3687 ea
998 3611 1239 3690 vocabantur
1262 3618 1445 3696 ἐπίδικοι
1464 3627 1552 3717 (con-

150 3735 366 3828 testabilia).

255 3878 478 3982 Hujusmodi
507 3875 729 3980 disceptatio
752 3877 955 3954 vocabatur
974 3871 1238 3978 ἀμφισβητεῖν
1260 3899 1305 3964 et
1328 3916 1553 3990 παρακατα-

149 3998 329 4100 βάλλειν,
359 4018 398 4083 ut
418 4004 555 4084 docent
573 4005 820 4105 Harpocratio
839 4015 877 4080 et
894 4003 1030 4082 Suidas
1048 4007 1118 4082 sub
1137 4005 1198 4085 his
1221 4013 1390 4116 verbis,
1425 4032 1464 4099 et
1483 4020 1552 4097 Pol·

150 4126 213 4209 qu
232 4129 337 4227 VIII,
357 4132 419 4210 32.

156 4268 158 4273 ’
722 4272 797 4357 Λᾶ
819 4272 963 4356 1³05.

255 4454 494 4559 Aristophan.
525 4457 627 4536 Aves
657 4458 939 4536 1649—1650:
968 4456 1045 4531 τῶν
1073 4454 1270 4558 πατρῴων
1305 4462 1404 4542 οὐδ’
1435 4466 1551 4569 dxuprj

144 4581 304 4679 μέτεστί4
314 4604 375 4654 σοι
394 4576 496 4655 κατὰ
515 4580 606 4667 τοῦς
626 4579 787 4680 νόμους·
819 4579 940 4668 νόθος
958 4578 1033 4686 γὰρ
1051 4579 1086 4657 el
1102 4578 1179 4658 κού
1201 4585 1389 4688 γνήσιος.
1419 4600 1479 4694 (Ε
1495 4601 1547 4678 ba

149 4710 207 4786 nis
225 4709 390 4812 paternis
408 4735 455 4785 ne
475 4709 590 4786 hilum
602 4709 748 4810 quidem
767 4712 834 4788 tibi
855 4711 1010 4787 obvenit
1026 4711 1237 4790 secuudum
1255 4716 1399 4819 leges:
1418 4728 1549 4829 quippe

148 4835 285 4914 nothus
303 4861 362 4930 es,
393 4860 470 4911 non
487 4836 705 4934 genuinus.)

253 4980 444 5057 Demosth.
473 4978 556 5054 adv.
591 4979 739 5056 Macart.
779 4979 881 5055 1067
893 5006 901 5054 ι
949 4975 1071 5080 Νόθῳ
1092 4975 1191 5081 μηδὲ
1213 4982 1429 5087 «νόθμιδ

147 5097 372 5210 ἀγχιστείαν
384 5099 481 5204 μήθ’
497 5094 617 5181 ὁσίων
636 5099 702 5179 ἀπ’
713 5100 932 5182 Εὐκλείδου
952 5097 1162 5204 ἄρχοντος·
1181 5122 1192 5200 t
