3436 5790
516 380 826 433 communiamus
844 378 896 430 nn
917 377 980 431 555.
999 376 1060 431 555.
1081 376 1144 432 aar.
1164 376 1228 432 505.
1479 355 1557 430 489

173 563 345 654 κοῦντας
373 562 543 653 εὐθύνας
574 563 723 642 διδόναι
752 566 830 642 τοῖν
862 572 1146 670 πεπραγμένων.
1189 563 1386 659 Ἐξιόντος
1415 565 1453 645 δὲ
1481 566 1555 644 τοῦ

173 690 354 768 ἐνιαυτοῦ
375 690 525 788 πρῶτον
544 687 621 767 ἀπὸ
642 691 720 767 τῶν
739 690 942 783 διαιτητῶν
970 684 1158 790 ἤρχοντο·
1182 690 1396 792 μικρότερα
1414 688 1488 796 γάρ
1508 685 1556 784 ἦν

172 812 220 891 τὰ
241 807 305 891 ὑπ’
325 810 456 891 αὐτῶν
476 812 738 914 διοικούμενα.
776 820 869 914 (Qui
888 820 1041 920 publica
1059 823 1211 920 negotia
1230 820 1554 914 administrabant,

172 970 297 1021 rerum
323 955 513 1041 gestarum
540 946 703 1021 rationes
722 946 909 1022 debebant
926 944 1094 1022 reddere.
1133 945 1305 1023 Exeuntc
1323 944 1439 1046 igitur
1456 971 1556 1021 anno

171 1071 332 1172 primum
360 1072 407 1146 ab
437 1069 581 1146 arbitris
609 1070 858 1171 incipiebant,
886 1069 1037 1146 abillis
1066 1070 1167 1147 enim
1194 1069 1347 1147 minoris
1375 1069 1556 1147 momenti

170 1220 230 1270 rea
248 1194 633 1288 administrabantur.)

277 1320 362 1396 Hoc
382 1333 505 1396 autem
524 1321 562 1395 in
581 1321 772 1420 logistorio
794 1320 916 1396 fiebat.
950 1318 1067 1412 (vide
1088 1315 1121 1420 ξ.
1142 1318 1252 1412 276.)

277 1465 362 1541 Non
379 1463 494 1562 igitur
513 1465 740 1540 credendum
760 1461 998 1562 Aristophani
1018 1463 1176 1556 comico,
1207 1461 1304 1537 50105
1317 1461 1464 1562 judicos
1483 1462 1551 1536 im·

170 1613 299 1666 munes
317 1588 429 1664 1151550
448 1589 661 1665 reddendae
682 1588 845 1664 rationis.
867 1590 945 1658 Καὶ
964 1583 1073 1660 ταῦτ’
1092 1579 1364 1660 ἀνυπεύθυνοι
1383 1581 1554 1681 δρῶμεν·

168 1710 247 1786 τῶν
265 1706 301 1785 δ’
319 1703 449 1788 ἄλλων
466 1705 617 1810 οὐδεμί’
636 1706 735 1811 ἀρχή
755 1712 928 1814 (Vespae
948 1713 1057 1807 587).

756 1940 833 2024 Ad
853 1941 970 2024 588.

274 2106 408 2184 Suidas
436 2136 465 2185 5.
484 2135 520 2185 v.
548 2100 650 2178 κατὰ
673 2101 815 2201 δήμους
834 2101 1016 2178 δικασταί
1027 2135 1039 2178 .·
1067 2106 1220 2185 Judicca
1248 2108 1410 2210 pagani;
1445 2108 1553 2184 initio

168 2245 274 2308 crant
291 2259 444 2309 numero
464 2234 637 2333 triginta,
667 2233 729 2331 qui
750 2232 919 2332 singulos
938 2257 1057 2333 pagos
1075 2235 1257 2309 obeuntes
1270 2234 1334 2335 jun
1355 2234 1554 2329 dicebant3

167 2369 298 2459 postea
315 2384 406 2435 vero
424 2359 575 2434 fuerunt
593 2358 851 2458 quadraginta.

274 2484 409 2561 Pollux
438 2483 542 2577 VIII,
565 2482 661 2558 100:
690 2480 949 2580 Quadraginta
966 2482 1124 2584 primum
1143 2484 1316 2581 Triginta
1336 2485 1405 2559 5011
1426 2493 1553 2577 erant;

166 2607 229 2684 sed
248 2622 334 2710 port
352 2608 495 2687 deletos
513 2608 668 2707 triginta
686 2621 886 2708 tyrannos,
916 2608 1003 2684 odio
1021 2608 1165 2683 numeri
1191 2608 1365 2707 triginta,
1395 2607 1552 2706 quadra·

166 2734 271 2832 ginta
289 2735 390 2810 viror
409 2745 589 2809 crearunt.

749 2832 965 2918 Art-aaa.

272 2998 469 3078 Ordinaria
487 3002 686 3077 tribunalia
711 3012 835 3077 tamen
858 3005 922 3103 jus
950 3003 1140 3079 habebant
1168 3027 1253 3095 005,
1285 3003 1347 3101 qui
1366 3001 1414 3078 ab
1434 3001 1549 3080 Arec-
1682 2994 1698 3095 ‚⁴

164 3150 285 3227 pago,
315 3137 472 3228 excepta
489 3126 592 3203 necis
621 3151 752 3217 cauea,
781 3125 946 3203 damnati
975 3128 1153 3214 fuissent,
1181 3125 1413 3205 absolvendi.
1452 3127 1550 3204 Vide
1608 3119 1616 3129 ⁴

163 3250 389 3326 Platneri
418 3250 574 3328 process
593 3275 628 3326 u.
648 3251 826 3347 Klagcn„
842 3279 878 3352 p.
897 3251 958 3327 31.

750 3459 827 3543 aa
855 3419 962 3544 aar.

271 3626 487 3703 Vocabatur
515 3627 627 3702 etiam
655 3619 846 3714 ἐπάλξεις,
876 3626 1079 3705 secundum
1104 3629 1192 3707 Lex.
1212 3629 1367 3729 Seguer.
1388 3658 1424 3731 p.
1439 3629 1548 3728 Ι2433

158 3743 357 3840 Ἐπάλξεις
377 3808 385 3827 .
408 3810 414 3823 .
437 3745 746 3844 ..δικαστήριον
772 3748 851 3823 τῶν
878 3748 1080 3846 φονικῶν,
1110 3747 1357 3852 ᾠκοδόμηται
1387 3749 1424 3828 δὲ
1455 3748 1570 3847 πρὸς.

162 3874 217 3973 τῷ
236 3878 477 3973 Πρυτανείῳ.
516 3875 721 3970 (Tribunal
749 3901 943 3954 causamm
968 3879 1200 3980 capitalium3
1230 3890 1286 3956 est
1304 3889 1429 3956 autem
1448 3878 1547 3956 aedi·

161 4006 313 4079 ficatum
333 4028 449 4103 penes
469 4002 730 4103 Prytaneum.)

746 4174 823 4260 Ad
842 4178 958 4260 502.

267 4344 446 4420 Pollux
466 4341 570 4432 VIII,
593 4340 684 4415 120:
706 4340 795 4418 Erat
813 4342 886 4419 hoc
900 4343 1082 4443 judicium
1101 4346 1140 4419 in
1161 4347 1263 4438 mari,
1285 4357 1445 4422 atreum
1465 4349 1545 4448 qui·

160 4467 245 4545 dem
263 4466 568 4566 adnavigantem,
598 4492 676 4542 non
695 4478 820 4542 tamen
840 4480 977 4543 terram
997 4478 1231 4567 tangentem,
1261 4497 1285 4547 a
1302 4497 1399 4548 nave
1418 4472 1544 4550 dafen-

159 4593 301 4669 aionem
323 4593 378 4668 sui
398 4593 521 4668 dicere
541 4591 759 4694 oportebat,
788 4619 908 4695 neque
933 4595 1074 4671 scalam
1092 4623 1213 4697 neque
1232 4622 1405 4675 ancoram
1426 4609 1546 4675 terrac

158 4720 398 4822 injicientem.

265 4845 349 4920 Hoc
372 4844 554 4945 judicium
581 4847 786 4922 vocabatur
814 4847 927 4923 etiam
946 4849 989 4920 ἐν
1007 4848 1083 4945 Ζέᾳ
1103 4848 1193 4925 Lex.
1214 4847 1367 4950 Seguer.
1396 4878 1431 4951 p.
1456 4847 1544 4922 311.

266 4968 322 5047 cf.
342 4969 500 5046 Pausan.
520 4971 550 5064 I,
571 4971 634 5064 28,
657 4972 717 5048 11.
