3436 5790
235 375 314 455 484
652 391 962 447 commeruimus
979 391 1033 442 nu
1052 391 1116 446 534.
1136 390 1201 445 545.

234 617 390 690 quorum
408 589 559 665 nomina
585 588 624 662 in
650 584 797 663 tubulas
825 584 1100 679 referebantur,
1129 587 1217 661 olim
1238 586 1275 660 in
1295 583 1390 660 albis
1410 585 1547 662 tabulis
1566 587 1622 663 in·

234 717 512 801 scribebantur,
541 713 594 788 sio
622 723 662 786 ut
690 709 988 785 adscriberentur
1016 727 1054 785 et
1077 710 1239 804 archon,
1269 710 1337 784 sub
1357 737 1431 809 quo
1450 713 1624 812 inscripti

233 841 411 927 trissent,
441 854 477 916 et
497 839 714 939 Eponymus
735 836 864 911 tribus.
903 835 1014 912 Nunc
1036 864 1126 912 vero
1146 838 1186 911 in
1204 848 1338 910 senatu
1356 836 1623 912 inscribuntur.

235 964 400 1041 [fumun
420 980 545 1041 sutem
565 961 772 1063 Eponymis
802 960 912 1036 etiam
941 959 988 1034 ud
1007 961 1196 1053 militiam,
1227 975 1264 1034 et
1283 986 1369 1035 cum
1381 952 1625 1061 ¹juventutem

233 1090 281 1167 ud
300 1089 438 1165 bellum
457 1087 666 1181 dimittunt,
696 1086 848 1162 edicunt
881 1115 902 1159 a
930 1113 1089 1185 quonam
1119 1085 1205 1161 inde
1235 1086 1412 1163 archonte
1433 1114 1624 1188 eponymo

232 1214 280 1291 ud
299 1239 409 1315 quem
431 1239 545 1315 usque
566 1213 800 1288 militandum
820 1213 876 1287 sit.

820 1421 895 1503 Ad
915 1423 1032 1504 5³4.

338 1587 487 1665 Beklrer
515 1587 655 1667 Anecd.
684 1614 740 1686 gr.
768 1589 797 1663 I.
827 1616 861 1689 p.
890 1589 994 1663 245:
1027 1582 1248 1683 Ἐπώνυμοι
1279 1578 1463 1683 ἄρχοντες
1493 1581 1621 1659 δισσοί

233 1712 351 1798 εἰσιν,
392 1712 426 1783 oi
455 1712 531 1808 μὲν
566 1706 929 1807 τεσσαρακονταδύο
957 1708 1035 1784 τῶν
1066 1702 1249 1800 ἡλικιῶν,
1290 1713 1324 1783 oi
1357 1707 1396 1785 δὲ
1425 1707 1519 1784 δέκα
1548 1707 1620 1785 τὸν

232 1829 425 1932 ἀριθμὸν,
454 1831 523 1930 ἀφ’
544 1823 600 1909 ὧν
618 1836 657 1907 αὶ
676 1838 797 1927 φυλαὶ
823 1832 1198 1938 προσηγορεύθησαν.
1238 1837 1440 1939 (Eponymi
1461 1836 1621 1912 archon-

231 1971 286 2035 tes
306 1961 463 2063 duplicis
483 1975 570 2040 sunt
588 1963 757 2061 generis3
785 1962 848 2037 alii
868 1962 1117 2060 quadraginta
1135 1963 1210 2038 duo
1230 1990 1299 2062 pro
1319 1959 1528 2056 aetatibus;
1558 1961 1621 2036 alii

232 2083 381 2180 decem,
402 2114 425 2162 a
444 2087 578 2188 quibus
598 2113 737 2162 nomen
757 2086 875 2161 tribus
895 2089 1154 2189 acceperunt.)

337 2212 455 2311 Igitur
473 2212 544 2286 sub
568 2209 817 2310 quadraginta
840 2208 984 2286 dnobus
1013 2211 1272 2308 intelliguntur
1300 2209 1500 2285 archontes
1530 2236 1620 2312 epo·

229 2336 331 2436 nymi
351 2361 554 2427 annorum,
586 2335 720 2434 quibus
749 2334 810 2432 qni
838 2359 941 2408 arma
969 2335 1065 2410 ferre
1090 2335 1242 2412 Athenis
1262 2334 1442 2407 deberent
1461 2336 1541 2408 nati
1562 2361 1618 2410 es·

229 2473 323 2537 sent
362 2462 599 2562 (Sauppez
632 2462 690 2534 De
720 2460 838 2534 demis
867 2461 1020 2534 urbanis
1051 2459 1292 2536 Athenarum.
1322 2460 1470 2558 Lipsiae
1503 2460 1620 2538 1846.

228 2587 370 2688 Μ’)
818 2686 1029 2771 aram.

336 2853 472 2931 Seriori
491 2865 613 2931 aetate
633 2854 759 2952 ntique
780 2854 850 2929 hoc
869 2855 1009 2929 factum
1029 2855 1162 2947 fuisse,
1190 2855 1229 2929 in
1248 2865 1378 2956 aperto
1398 2865 1465 2929 est.

336 2979 448 3081 Apud
467 2978 805 3072 Lacedaemonios,
834 2980 864 3053 si
885 2981 965 3080 quis
985 2993 1058 3055 tres
1079 2981 1175 3056 filios
1194 2982 1423 3082 procreauit,
1456 2982 1618 3056 vacatio-

227 3127 315 3179 nem
335 3102 465 3180 habuit
482 3104 657 3197 militiae3
686 3105 715 3179 si
735 3116 930 3204 quattuor,
961 3105 1008 3179 ab
1029 3105 1200 3181 omnibus
1219 3105 1378 3207 publicis
1398 3107 1617 3182 muneribus

227 3228 402 3305 immunis
421 3231 552 3306 fuerat.
582 3228 862 3320 (Aristotel.
883 3229 990 3304 Polit.
1011 3230 1059 3319 Il,
1081 3231 1116 3323 6,
1139 3231 1221 3322 13.)

336 3352 409 3430 Sed
428 3352 631 3430 seeundum
646 3355 839 3432 Aelianum
859 3354 986 3448 (Var.
1007 3354 1116 3430 hist.
1137 3355 1201 3449 VI,
1215 3357 1249 3440 6,
1263 3356 1306 3447 1)
1325 3353 1384 3432 lex
1403 3369 1483 3433 erat
1502 3355 1615 3458 Spar-

227 3478 343 3574 tanis,
373 3481 496 3580 utqui
515 3491 590 3556 tres
610 3481 705 3555 filios
723 3479 933 3574 exhiberet,
964 3482 994 3554 is
1013 3480 1062 3556 ab
1081 3480 1247 3557 excubiis
1267 3480 1424 3558 haberet
1440 3483 1613 3558 immuni·

226 3616 363 3702 tatem3
390 3607 455 3707 qui
482 3631 572 3682 vero
600 3607 785 3706 quinque,
816 3608 865 3681 nb
895 3608 1066 3682 omnibus
1096 3605 1254 3706 publicis
1281 3607 1498 3684 muneribus
1522 3609 1614 3685 libe·

226 3744 381 3808 raretur.

333 3855 462 3932 Tertia
487 3857 612 3936 rhetra
639 3860 837 3960 Lycurgus
866 3860 984 3934 vetuit
1011 3858 1160 3958 saepius
1188 3858 1328 3933 bellum
1348 3859 1480 3936 iisdem
1498 3860 1612 3935 hosti·

227 3979 296 4058 bus
315 3983 469 4074 inferre,
491 4010 538 4060 ne
558 3977 698 4060 scilieet
716 3987 740 4060 ii
760 3986 917 4062 subinde
936 4010 976 4060 se
996 3983 1193 4060 defendere
1213 3983 1417 4080 discentes,
1444 3985 1612 4062 bellicosi

226 4109 368 4185 fierent.
397 4109 667 4202 (Plutarch.
689 4109 895 4210 Lycurg.
920 4110 999 4201 13.)

331 4233 615 4311 Lacedaemonii
643 4237 755 4312 etiam
784 4237 880 4312 hanc
909 4238 1030 4334 legem
1060 4235 1243 4328 tulerunt,
1274 4248 1316 4312 ut
1342 4239 1374 4312 si
1402 4237 1554 4338 quando
1572 4237 1610 4313 in

226 4359 336 4433 armis
365 4357 497 4436 bellum
528 4360 663 4436 facturi
691 4372 835 4454 essent,
865 4360 911 4435 ad
938 4361 1139 4436 tentorium
1160 4361 1260 4457 regis
1279 4387 1410 4438 omnes
1428 4390 1608 4439 vocaren-

229 4500 308 4575 tur,
337 4485 384 4559 ad
412 4482 598 4561 audienda
616 4484 772 4585 Tyrtaei
797 4498 992 4588 poemata,
1022 4487 1274 4562 existimantes
1297 4513 1361 4562 eos
1379 4489 1431 4562 ita
1449 4491 1609 4564 maxime

227 4609 401 4699 accendi,
432 4621 473 4685 ut
500 4636 568 4711 pro
597 4610 720 4711 patria
746 4611 899 4688 minime
917 4623 1162 4710 gravarentur
1181 4612 1285 4687 mori.
1323 4610 1550 4712 (Lycurg.
1578 4641 1609 4690 c.

227 4729 444 4809 Leocrat
465 4729 498 4835 ξ.
522 4734 629 4826 107.)

331 4859 446 4935 lidern
468 4886 674 4961 purpureas
693 4859 900 4938 induebant
919 4862 1081 4952 tunicas,
1110 4886 1184 4961 quo
1211 4871 1278 4936 aut
1304 4861 1456 4939 horrido
1482 4865 1608 4941 colore

226 4983 461 5060 formidinem
491 4984 658 5060 hostibus
686 4988 915 5079 incuterent,
944 5002 1010 5064 aut
1032 5013 1121 5089 prae
1145 4986 1280 5062 coloris
1297 4987 1537 5065 similitudine
1557 4991 1607 5065 el·

339 5108 584 5202 inauguinem
596 5134 671 5185 non
683 5111 1033 5189 animadverterent.
1053 5111 1378 5205 (Philostrati
1396 5115 1609 5215 epist3.)
