3436 5790
213 398 293 479 dil
565 420 876 473 contraxeramus
894 418 948 468 ao
970 415 1048 471 ιιει.
1071 412 1150 472 tlte.
1171 415 1251 471 nea

798 605 876 688 Ae
893 606 1028 688 nee.

320 757 366 833 In
385 755 516 831 eodem
538 752 802 862 Xenophontis
829 752 914 830 loeo
943 751 1035 829 dicit
1053 751 1244 845 Socrates,
1275 750 1463 827 civitatem
1493 747 1610 827 alte·

213 882 318 958 rius
346 908 370 955 n
382 879 536 956 ullius
564 879 840 978 ingratitudinis
858 879 997 954 habere
1016 880 1215 966 rationem,
1247 880 1376 955 necin
1396 905 1480 955 eam
1498 882 1610 956 aetio·

214 1033 300 1083 nem
320 1006 428 1098 dare,
458 1003 691 1105 sedensque
720 1005 843 1104 deque
869 1005 988 1096 ferre,
1018 1004 1049 1080 si
1077 1004 1267 1081 beneficiis
1296 1005 1420 1082 affecti
1448 1004 1611 1104 gratiam

215 1157 293 1209 non
312 1129 489 1207 referant.
509 1128 618 1206 Unde
638 1139 741 1229 patet
756 1128 906 1204 nonnisi
926 1140 1057 1208 eontra
1075 1127 1244 1224 ingratos
1263 1129 1302 1204 ia
1320 1140 1495 1229 parentes
1515 1129 1612 1206 filios

213 1260 338 1334 datam
368 1254 481 1331 fuisse
509 1247 666 1355 γραφήν
686 1247 923 1348 ἀχαριστίας.
962 1252 1002 1329 Si
1030 1253 1146 1353 igitur
1165 1254 1354 1329 Lucienus
1383 1255 1474 1331 dicit
1501 1253 1609 1347 (Ab-

215 1381 360 1458 dioat.
383 1378 464 1472 19),
493 1380 592 1479 quod
621 1380 722 1476 leges
750 1379 888 1477 ingrati
917 1378 1030 1454 animi
1055 1379 1238 1478 judicium
1261 1378 1351 1455 dent
1374 1393 1504 1457 eontra
1524 1406 1609 1472 eos,

218 1509 282 1608 qui
301 1509 397 1584 bene
418 1504 463 1581 de
483 1531 522 1581 se
541 1506 681 1580 meritis
700 1504 859 1603 gratiam
878 1528 954 1579 non
980 1504 1174 1579 retulerint
1203 1502 1260 1596 (οἱ
1281 1497 1396 1599 νόμοι
1416 1506 1487 1576 καὶ
1507 1497 1609 1598 ἀχα-

216 1631 361 1730 ριστίας
391 1624 622 1719 δικάζεσθαι
652 1623 800 1703 διδόασι
829 1622 931 1700 aas&
959 1621 1039 1700 τῶν
1062 1622 1154 1714 τούς
1173 1622 1371 1731 εὐεργέτας
1384 1623 1441 1726 μὴ
1461 1623 1546 1706 ἄντ’
1565 1619 1611 1701 eti

217 1752 472 1847 ποιούντων),
500 1754 539 1832 id
567 1754 664 1831 forte
694 1752 755 1830 vel
778 1752 824 1829 de
844 1752 975 1828 seriori
993 1764 1135 1846 aetate,
1164 1755 1225 1831 vel
1239 1754 1290 1835 de
1310 1754 1468 1830 aliorum
1487 1780 1606 1856 popm

215 1883 336 1961 lorum
355 1881 534 1959 institutis
554 1878 839 1977 intelligendum
858 1891 924 1955 est.

799 2087 875 2173 Ad
893 2089 1027 2174 nee.

325 2258 357 2334 Ε
382 2255 616 2358 praeseripto
646 2256 791 2355 Legum
810 2255 977 2332 Platonis
1006 2255 1117 2349 (880,
1137 2255 1292 2347 B-Dl‚
1321 2256 1351 2332 si
1371 2257 1455 2355 quis
1475 2256 1609 2354 viginti

218 2383 326 2463 annis
344 2383 407 2459 vel
424 2382 583 2483 emplius
603 2408 643 2459 se
664 2381 848 2459 seniorem
867 2382 1057 2474 verberat,
1078 2380 1325 2459 contumeliae
1344 2366 1429 2459 reus
1448 2393 1552 2471 esto,
1574 2391 1611 2457 et

219 2507 487 2610 condemnatus
505 2509 544 2588 in
563 2508 722 2585 vinantis
741 2520 888 2584 tenetor
905 2533 982 2585 non
1001 2508 1125 2585 minus
1149 2533 1261 2583 anno.
1299 2507 1339 2583 Si
1359 2519 1484 2586 autem
1503 2533 1608 2608 pere·

218 2634 347 2732 grinon
369 2633 429 2710 vel
445 2633 715 2731 inquilinorum
734 2632 868 2732 aliquis
888 2633 1019 2732 viginti
1038 2635 1147 2709 annis
1166 2632 1403 2735 sesenioretp
1423 2633 1609 2720 vesberat,

219 2761 416 2836 damnatus
437 2759 475 2832 in
489 2758 633 2858 judieio
654 2759 873 2858 peregrinus
894 2757 986 2833 duos
1006 2785 1126 2833 annos
1146 2758 1295 2835 vinetus
1315 2769 1470 2851 tenetur,
1489 2756 1610 2854 inqui·

219 2885 316 2960 linus
336 2910 426 2960 vero
447 2896 521 2958 tres
541 2909 670 2959 annos.

800 2978 876 3067 Ad
894 2980 1030 3068 ute.

328 3150 425 3224 Lex
456 3144 660 3223 Zaleuci
689 3148 788 3250 apud
817 3150 1020 3226 Stobaeum
1050 3176 1159 3226 serm.
1190 3152 1252 3245 44,
1282 3151 1355 3225 21;
1398 3145 1542 3238 Μηδεὶς
1571 3144 1608 3222 δὲ

222 3277 359 3376 λεγέτω
387 3269 542 3359 κακῶς,
572 3267 669 3366 μήτε
696 3271 812 3369 κοινῇ
840 3269 912 3363 τὴν
942 3270 1075 3360 πόλιν,
1100 3269 1196 3371 μήτε
1226 3273 1307 3374 ἰδίᾳ
1336 3271 1406 3349 τὸν
1436 3277 1609 3364 πολίτην,

222 3394 306 3471 ἀλλ’
335 3400 370 3471 el
401 3395 479 3472 τῶν
509 3395 639 3496 νόμων
666 3395 838 3490 φύλακες
872 3403 1153 3497 ἐπιμελείσθων
1180 3399 1258 3475 τῶν
1287 3395 1610 3496 πλημμελούντων

222 3520 374 3622 πρῶτον
406 3527 481 3619 μὲν
520 3521 801 3610 νουθετοῦντες
812 3579 823 3613 ,
852 3519 923 3598 uir
960 3522 998 3599 δὲ
1032 3521 1086 3620 μή
1131 3528 1342 3600 πείθωνται
1381 3521 1613 3623 ζημιοῦντες.

223 3648 365 3743 (Nemo
384 3653 481 3728 male
502 3653 601 3730 dieat
621 3654 699 3729 sive
721 3654 869 3756 publioe
888 3653 1029 3728 civitati
1049 3653 1127 3728 sive
1158 3653 1334 3754 privatim
1353 3653 1446 3747 eivi,
1475 3652 1541 3730 sed
1559 3651 1611 3727 le-

221 3798 312 3874 gum
332 3775 504 3852 custodes
524 3801 653 3852 euram
672 3775 838 3854 habeant
856 3776 1173 3876 delinquentium,
1200 3779 1358 3879 primum
1378 3777 1527 3877 quidem
1548 3776 1612 3853 ad-

221 3896 429 3994 monendo,
460 3900 599 3978 sivero
619 3929 696 3978 non
716 3904 911 3996 obediant,
940 3900 1160 4003 puniendo.)

331 4022 545 4101 Secundum
564 4024 731 4104 Platonis
750 4024 873 4126 Leges
892 4026 1004 4121 (954,
1022 4027 1090 4122 Ε),
1119 4027 1149 4102 si
1178 4028 1260 4128 quis
1279 4024 1441 4126 aliquem
1460 4027 1499 4103 in
1513 4026 1612 4128 judi-

222 4150 280 4226 eio
300 4149 430 4225 adesse
450 4147 641 4251 prohibuit
660 4153 697 4228 vi
717 4153 778 4229 vel
794 4153 917 4253 ipsum
936 4153 997 4229 vel
1017 4163 1139 4248 testes,
1165 4153 1197 4229 si
1216 4151 1365 4254 quidem
1382 4174 1532 4228 servum
1552 4151 1614 4228 vel

221 4274 339 4374 ipsius
360 4275 420 4350 vel
439 4271 598 4350 alienum
617 4275 826 4376 prohibuit,
855 4278 1036 4354 infectum
1055 4292 1092 4355 et
1109 4279 1254 4354 irritum
1275 4280 1339 4354 fiat
1351 4275 1555 4378 judicium
1583 4276 1613 4351 si
1646 4379 1648 4383 ⁷

224 4423 313 4474 vero
332 4396 510 4494 liberum,
539 4417 798 4502 praeterquam
826 4402 925 4503 quod
952 4405 1134 4480 infectum
1159 4404 1225 4500 sit,
1256 4405 1294 4478 in
1313 4403 1470 4479 vinealis
1488 4416 1612 4481 tenea·

222 4534 282 4597 tur
302 4549 441 4599 annum
461 4537 497 4600 et
516 4527 633 4627 plagii
652 4551 738 4604 reus
757 4527 805 4603 ab
826 4553 891 4623 eo,
912 4528 974 4628 qui
993 4529 1110 4623 volet,
1132 4531 1263 4627 agitor.
1294 4517 1513 4601 Ὕπόὸικον
1532 4521 1613 4600 ἆν-

224 4640 247 4715 δ
256 4672 276 4740 (ι
288 4671 310 4716 α
325 4672 348 4717 α
360 4673 381 4720 ο
394 4643 438 4720 δι
451 4649 580 4745 epoti
606 4647 662 4749 τῷ
682 4654 857 4726 ἐθέλοντι
876 4652 1095 4754 γίγνεσθαι.

333 4773 443 4876 Apud
465 4777 636 4853 Lucanos
656 4780 684 4851 si
706 4778 897 4854 occidente
919 4778 999 4878 jam
1027 4780 1105 4855 sole
1136 4779 1280 4855 venerit
1307 4782 1528 4882 peregrinus
1548 4808 1611 4857 vo-

223 4897 401 5000 lueritque
422 4903 491 4977 sub
512 4916 648 4979 tectum
668 4905 825 5003 alicujus
845 4903 1058 4996 devertere,
1089 4907 1120 4979 is
1145 4931 1233 4980 vero
1253 4905 1442 4981 hominem
1462 4934 1538 4982 non
1557 4935 1612 4984 re·

84 5070 87 5075 ,
223 5025 383 5120 ceperit,
411 5026 608 5102 mulctetur
637 5041 673 5104 et
701 5055 840 5130 poenas
860 5030 938 5105 luat
956 5031 1259 5132 inhospitalitatis
1281 5034 1558 5126 (κακοξενίας)
1577 5048 1612 5107 et

222 5140 274 5217 illi
295 5150 355 5243 qui
376 5149 535 5244 advenit,
556 5165 591 5226 et
606 5153 697 5230 Jovi
716 5153 913 5254 Hospitali.
934 5158 1145 5250 (Aelian.
1165 5155 1271 5232 Ver.
1291 5156 1401 5235 hist.
1423 5158 1490 5253 IV,
1515 5163 1547 5254 1,
1565 5162 1612 5250 i.)
