3436 5790
427 428 736 481 consuescamus
755 427 808 479 nn
829 423 908 480 uos.
929 424 1008 483 rios.
1031 425 1111 484 11¹1.
1131 426 1210 484 nu.
1233 429 1310 488 ura
1483 405 1559 484 599

174 629 350 696 accusato
369 644 453 696 eum
471 621 591 697 malae
610 619 730 696 litium
748 619 963 697 intentionis
983 617 1259 726 (κακοδικίας)
1278 624 1338 699 vel
1357 621 1475 701 malae
1495 623 1558 701 de-

173 744 352 823 fensionis
382 741 603 839 (ξυιδιιιίας
629 741 787 838 κακῆς).
827 746 969 839 Quodsi
1008 773 1093 824 eum
1122 747 1429 825 condemnaverit
1458 749 1558 850 judi-

173 871 291 965 cium,
321 872 532 965 aestimato,
562 884 685 948 utrum
708 871 865 948 aventis
891 871 944 947 its
967 898 1078 971 agere
1097 873 1288 968 videatur,
1316 900 1364 950 an
1385 872 1557 974 litigandi

174 996 369 1096 cupidine3
398 1008 435 1071 et
452 999 483 1071 si
502 997 670 1095 litigandi
690 997 878 1093 cupidine,
903 998 1073 1075 aestimet
1091 999 1124 1073 ei
1137 998 1339 1097 judicium,
1368 1023 1480 1099 quam
1495 999 1558 1075 diu

172 1121 225 1196 itu
244 1132 495 1223 comparatum
515 1133 689 1223 oporteat
704 1145 774 1197 nec
802 1121 906 1197 litem
933 1122 1124 1200 intendere
1149 1125 1409 1224 cuiquam-nec
1428 1122 1554 1199 defeu-

173 1244 281 1341 dere;
308 1249 365 1323 sin
384 1250 560 1342 avaritia,
590 1249 811 1349 peregrinus
839 1247 968 1322 relicta
996 1249 1148 1347 regione
1177 1275 1369 1349 nunquam
1394 1261 1556 1325 reverta-

171 1381 242 1465 tur,
264 1382 327 1446 aut
344 1384 461 1448 morte
482 1373 700 1466 mulctetur,
732 1373 822 1448 civis
851 1398 939 1450 vero
968 1375 1147 1453 moriatur
1172 1375 1221 1452 ob
1241 1374 1418 1451 avaritiae
1438 1374 1555 1450 liono-

171 1523 248 1575 rom
267 1498 366 1574 omni
385 1498 497 1575 modo
518 1498 565 1575 ab
585 1525 629 1575 eo
650 1498 829 1577 habitum.
855 1500 948 1577 Item
966 1502 997 1577 si
1016 1501 1097 1601 quis
1116 1500 1288 1601 litigandi
1308 1500 1477 1597 cupidine
1497 1499 1554 1574 bis

164 1622 352 1722 judicatus
376 1634 432 1698 est
450 1625 502 1700 ita
525 1649 657 1722 agere,
686 1624 848 1700 moritor.

278 1767 402 1858 Etiam
420 1766 518 1869 apud
536 1767 750 1870 Cyrenaeos
769 1767 830 1844 lex
850 1779 948 1862 erat,
975 1778 1015 1843 ut
1033 1768 1167 1845 mullas
1186 1767 1459 1844 controversias
1479 1792 1553 1842 mo·

172 1902 302 1968 ventes
322 1905 359 1967 et
387 1894 503 1969 malas
532 1918 663 1969 causas
691 1902 846 1991 agentes
874 1891 923 1967 ab
952 1891 1104 1993 ephoris
1124 1891 1172 1969 ad
1196 1891 1377 1994 judicium
1396 1891 1565 1969 adduce-J

168 2028 314 2114 rentur,
346 2017 557 2119 mulctaque
586 2017 630 2092 iis
658 2019 886 2116 irrogaretur
904 2043 948 2094 nc
966 2018 1124 2094 infames
1143 2020 1284 2095 fierent.
1315 2015 1555 2110 (Heracli-

171 2141 255 2218 des
274 2143 462 2219 Pontio.
484 2139 528 2216 de
546 2140 623 2215 reb.
642 2143 745 2240 publ.
766 2139 831 2238 IV,
854 2144 910 2233 5.)

748 2350 825 2435 Ad
843 2353 976 2435 1100.

277 2517 332 2595 Os.
351 2518 492 2596 Lexioa
511 2515 663 2615 Seguer.
685 2544 721 2618 p.
744 2518 831 2593 198.

754 2674 1026 2814 suurn

274 2893 331 2972 Of.
352 2836 685 2996 Harpocrationem
714 2924 741 2972 s.
764 2925 797 2973 v.
825 2890 1033 2998 ἀγραφίου.
1071 2895 1211 2974 Lexica
1230 2893 1383 2995 Seguer.
1404 2923 1439 2997 p.
1462 2893 1550 2988 184,

169 3017 256 3115 199,
278 3020 348 3094 331
365 3049 373 3116 ;
401 3020 630 3122 Hesychium
649 3049 677 3097 s.
697 3048 731 3097 v.
752 3015 951 3124 ἀγραφίου
972 3017 1071 3109 δίκη.

746 3231 823 3316 Ad
848 3235 973 3316 1117.

273 3396 330 3474 cf.
351 3396 475 3475 Lexic.
497 3396 652 3497 Seguer.
672 3421 706 3497 p.
728 3398 817 3474 240.
847 3398 981 3476 Suidaa
1010 3427 1037 3475 s.
1058 3426 1092 3472 v.
1123 3398 1156 3469 Δ
1164 3397 1421 3494 operaria.

746 3607 823 3692 Ad
847 3612 971 3693 ma.

269 3772 402 3852 Suidas
430 3802 458 3851 s.
477 3801 511 3851 v.
539 3766 764 3872 διαψήφισις
776 3804 787 3846 .·
816 3773 1057 3875 Singulorum
1084 3799 1268 3877 pagorum
1293 3773 1393 3850 cives
1412 3774 1451 3846 in
1471 3772 1545 3848 suis

161 3900 354 3976 territoriis
374 3901 619 3998 conveniunt,
649 3913 691 3979 ut
719 3900 764 3977 de
792 3903 836 3977 iis
864 3903 927 4004 qui
956 3903 995 3977 in
1024 3890 1160 3977 civium
1179 3899 1305 3978 album
1324 3896 1421 3976 falso
1439 3897 1545 3972 relati

163 4038 269 4122 sunt,
296 4027 391 4103 olam
410 4026 588 4126 suffragia
605 4026 745 4103 ferant:
765 4022 868 4101 velut
886 4024 1144 4103 Acharnenses
1163 4024 1209 4102 de
1229 4021 1544 4117 Acharnensibus,

163 4151 343 4228 Eleusinii
363 4151 408 4228 de
429 4152 645 4248 Eleusiniis,
676 4166 713 4229 et
740 4155 881 4258 pariter
908 4154 1037 4254 reliqui
1068 4151 1268 4253 populares
1294 4148 1340 4223 de
1359 4149 1435 4224 suis
1454 4147 1543 4221 civi-

162 4275 242 4352 bus.
271 4276 315 4353 Id
332 4279 536 4355 vocabatur
556 4271 779 4375 διαψήφισις
798 4278 1017 4371 (recensio).
1042 4277 1115 4370 Qui
1135 4275 1243 4377 plura
1262 4273 1443 4371 suffragia
1456 4297 1544 4347 con·

162 4414 384 4502 sequuntur,
406 4405 470 4503 jus
489 4402 650 4477 civitatis
668 4413 816 4502 praeter
841 4403 1133 4478 controversiam
1161 4401 1342 4493 retinent;
1370 4399 1433 4496 qui
1452 4422 1544 4499 pau-

161 4529 279 4623 oiora,
312 4554 388 4604 non
416 4529 575 4631 amplius
608 4539 806 4605 censentur
834 4530 945 4604 cives.
983 4527 1025 4605 Id
1047 4555 1137 4603 vero
1156 4525 1367 4627 appellatur
1385 4515 1543 4619 ἀποψή-

161 4676 264 4744 φισις
284 4652 485 4752 (rejectio).

267 4778 418 4855 Idem:
454 4769 676 4875 διαψήφισις
704 4778 855 4880 proprie
885 4776 1020 4854 dicitur
1056 4777 1101 4854 de
1129 4775 1400 4877 exploratione,
1432 4799 1543 4874 quam

160 4902 294 5002 singuli
315 4905 404 5004 pagi
423 4903 468 4980 de
487 4904 686 4980 curialibus
711 4905 788 4980 suis
815 4904 1034 4998 instituunt,
1062 4916 1183 4979 riuum
1202 4902 1283 5001 quis
1302 4926 1433 4975 revera
1452 4899 1542 4975 civis

159 5031 206 5104 sit
225 5040 262 5104 et
281 5027 445 5122 curialis,
476 5054 524 5104 an
542 5030 763 5129 peregrinus
782 5040 819 5104 et
837 5027 982 5105 civibus
1001 5028 1097 5104 falso
1117 5027 1334 5126 adscriptus.

266 5154 395 5234 Idem
423 5179 450 5229 s.
470 5180 505 5228 v.
532 5144 860 5251 ἀποψηφισθέντα
870 5179 882 5222 .·
910 5150 952 5228 Si
980 5153 1062 5252 quis
1090 5151 1312 5252 peregrinus
1339 5161 1375 5224 et
1395 5149 1541 5248 spuritu
