3436 5790
632 378 947 450 uaroeommus.
1396 355 1473 438 335

92 585 148 686 τῳ
176 589 320 686 πλοίῳ·
354 586 408 686 τῷ
438 584 476 661 δὲ
505 583 670 681 φήναντι
700 579 723 677 ἢ
750 581 961 676 ἑνδείξαντι
989 583 1068 660 τών
1094 583 1286 685 δημοσίων
1314 585 1407 659 ἴστω
1426 576 1472 656 τά

92 704 251 809 ἡμίσεα·
281 707 351 786 ι’άν
370 710 408 786 δὲ
429 709 568 798 δοῦλος
586 703 611 809 ᾖ
630 703 651 786 ά
668 707 840 810 μηνύσας
851 768 862 800 ,
890 707 1091 811 ἐλεύθερος
1111 713 1217 803 ἔστω,
1246 715 1314 788 καί
1334 713 1473 810 μέρους

92 835 172 912 τών
193 834 401 936 χρημάτων
424 842 590 935 μετέστω
617 832 745 938 αὐτῷ·
773 832 845 913 τὸν
873 834 912 911 δὲ
939 835 1128 942 ἐξάγοντα
1156 844 1202 915 ἐκ
1234 843 1316 939 Κέῳ
1331 838 1476 936 μίλτον

92 960 247 1067 ἐξάγειν
265 969 310 1062 ἐμ
331 967 453 1062 πλοίῳ
482 955 587 1066 ῳίάν
618 959 828 1055 Ἀθηναῖοι
860 959 1131 1055 ἀποδείξουσιν·
1169 958 1239 1039 ἐάν
1266 960 1308 1040 δέ
1341 991 1395 1048 τις
1432 965 1476 1036 ἐν

93 1079 201 1193 ἄλλῳ
221 1086 337 1191 ἐξάγῃ
357 1091 502 1187 πλοίῳ,
523 1091 667 1184 ἔνοχον
685 1085 793 1166 εἶναι.

201 1216 279 1312 (Ex
298 1215 463 1322 inscript.
474 1216 669 1298 Boeckhii:
689 1216 990 1297 Staatshaushd.
1002 1214 1178 1294 Athener.
1199 1219 1368 1420 Τοῳέὲλ)

1202 1354 1238 1430 p.
1338 1383 1346 1401 .

735 1433 850 1512 1298.

202 1559 348 1636 Placuit
373 1563 518 1637 senatui
546 1559 760 1663 populoque
789 1559 1037 1656 Juliensium,
1066 1561 1222 1638 concedi
1251 1559 1475 1661 exportatio-

94 1711 182 1759 ncm
212 1685 382 1761 rubricae
412 1684 599 1781 Athenas,
627 1687 803 1762 aliorsum
832 1695 957 1761 autem
987 1712 1178 1786 nusquam.
1216 1684 1255 1762 Si
1285 1711 1375 1761 vero
1394 1682 1478 1785 quis

93 1811 271 1887 aliorsum
291 1812 542 1912 exportaverit
570 1811 781 1914 publicetur
800 1822 837 1888 et
854 1811 1047 1908 navigium
1066 1822 1103 1887 et
1122 1811 1220 1911 quod
1239 1812 1279 1887 in
1297 1836 1341 1886 eo
1359 1809 1476 1886 conti·

92 1949 213 2013 netur.
255 1936 459 2012 Dimidium
487 1947 612 2014 autem
637 1936 912 2041 publicatorum
938 1938 987 2015 sit
1013 1937 1212 2015 indicantis
1240 1935 1300 2014 vel
1327 1936 1471 2012 denun-

94 2061 239 2138 ciantis.
278 2060 317 2136 Si
343 2060 486 2139 delator
514 2061 626 2138 fuerit
643 2088 793 2157 servus,
823 2089 937 2139 manu
954 2063 1141 2157 mittatur,
1170 2072 1387 2165 partemque
1407 2086 1474 2164 pu-

94 2186 316 2262 blicatorum
334 2186 504 2286 accipiat.
542 2176 623 2280 Qui
642 2199 768 2262 autem
787 2212 806 2262 e
826 2186 903 2263 Ceo
924 2187 1177 2287 exportaverit
1196 2188 1403 2281 rubricam,
1424 2185 1477 2259 fa·

96 2312 168 2387 ciat
196 2311 331 2386 hocin
360 2313 530 2411 navigio,
560 2312 660 2412 quod
688 2309 935 2389 Athenienses
962 2313 1229 2389 constituerint.
1267 2311 1416 2388 sivero
1437 2308 1478 2382 in

97 2437 169 2515 alio
189 2437 341 2534 navigio
360 2438 632 2538 exportaverit,
661 2462 747 2514 rcus
765 2436 957 2514 habeatur.

729 2598 843 2675 1299.

206 2716 356 2821 Κύριον
373 2717 471 2797 εἶναι
492 2714 551 2797 ὅτι
570 2715 622 2796 dv
649 2717 693 2796 τὸ
723 2720 872 2811 πλῆθος
899 2720 976 2797 τών
1003 2720 1218 2819 ξυμμάχων
1245 2724 1477 2820 ψηφίσηται,

99 2841 147 2939 ἢν
159 2848 214 2946 μή
234 2878 269 2923 τι
291 2847 396 2924 aab
416 2843 439 2938 ἢ
458 2839 591 2948 ἦρώων
609 2845 770 2947 κώλυμα
788 2839 824 2947 ᾗ.
970 2849 1201 2953 (Thucydid.
1223 2849 1268 2944 V,
1288 2849 1371 2942 30.)

731 3013 843 3090 1299.

205 3137 248 3214 ld
277 3148 398 3214 ratum
426 3135 627 3233 habeatur,
655 3138 755 3240 quod
790 3138 908 3241 major
936 3137 1120 3214 sociorum
1148 3163 1235 3240 pars
1263 3134 1480 3230 decreverit,

101 3263 169 3340 nisi
188 3263 344 3341 deorum
362 3264 422 3340 vel
441 3264 595 3340 heroum
614 3263 766 3367 aliquod
785 3262 1093 3366 impedimentum
1110 3261 1368 3340 intercesserit

731 3424 845 3503 1300.

206 3552 275 3624 Δεῖ
290 3545 368 3622 τών
387 3548 534 3624 κοινών
552 3549 616 3638 τῆς
636 3540 824 3635 Ἐλλάδος
854 3545 1101 3647 ἀδικημάτων
1128 3545 1227 3626 εἶναι
1256 3544 1328 3639 τὴν
1350 3550 1481 3648 κρίσιν

104 3669 178 3749 οὐκ
207 3671 289 3774 ἰδίᾳ
316 3671 416 3773 παρά
446 3684 524 3761 τοῖς
547 3671 777 3766 Ἀθηναίοις
807 3669 890 3750 ἀλλ’
918 3677 979 3750 ἐπὶ
1008 3672 1079 3749 τοῦ
1107 3671 1251 3749 κοινοῦ
1277 3669 1481 3772 συνεδρίου

103 3799 178 3876 τών
199 3793 406 3892 ιΕλλήνων.
877 3805 1052 3901 (Diodor.
1072 3803 1184 3882 Sicul.
1205 3804 1272 3898 XI,
1293 3805 1374 3896 55.)

738 3930 853 4008 1300.

205 4058 251 4134 In
278 4055 449 4157 publicas
477 4054 660 4132 Graeciae
687 4056 801 4133 totius
828 4056 982 4158 injurias
1009 4080 1085 4132 non
1112 4055 1260 4156 privato
1277 4053 1481 4136 Athenien-

102 4184 194 4259 sium
224 4181 365 4283 judicio
402 4180 808 4282 animadvertendum,
845 4183 913 4263 scd
947 4183 988 4260 in
1023 4181 1210 4261 communi
1249 4179 1483 4260 Graecorum

102 4319 296 4386 conventu.

738 4418 852 4496 1301.

210 4536 311 4625 Τοάς
331 4533 673 4632 ἄλλους”Ελληνας
692 4543 851 4632 πάντας,
881 4541 972 4632 τούς
990 4573 1029 4618 τε
1047 4538 1149 4617 κατά
1168 4538 1241 4633 τήν
1254 4536 1395 4619 Ἀσίαν
1413 4545 1483 4617 καί

101 4663 200 4741 κατά
229 4663 301 4756 την
327 4662 537 4765 Εὐρώπην,
567 4672 791 4768 ἐλευθέρους
818 4659 1026 4769 ὑπάρχειν,
1055 4672 1124 4743 καί
1151 4665 1284 4767 νόμοις
1307 4666 1483 4769 χρῆσθαι

101 4803 177 4880 τοῖς
197 4789 321 4877 ἰδίοις.
739 4906 839 4983 130¹
895 4799 1107 4902 (Polybius.
1127 4798 1271 4895 XVIII,
1293 4799 1376 4892 27.)

207 5029 352 5107 anteri
372 5055 502 5106 omnes
522 5030 677 5126 Graeci,
703 5043 740 5109 et
758 5033 822 5134 qui
840 5032 879 5108 in
899 5030 989 5113 Asia
1007 5033 1150 5132 degunt
1169 5045 1208 5111 et
1226 5033 1290 5135 qui
1308 5032 1347 5110 in
1367 5032 1483 5107 Euro-

101 5182 168 5259 pa,
190 5155 297 5233 hberi
316 5157 409 5257 sint,
429 5157 579 5266 suisque
598 5160 746 5263 legibus
765 5170 925 5246 utantur.
