3436 5790
397 448 706 501 commeruimus
725 447 779 498 sn
798 442 861 498 444.
879 442 943 498 rso.
963 443 1028 505 444,
1047 443 1110 501 sss.
1128 445 1192 501 444.
1382 425 1457 503 401

658 635 734 718 Ad
756 636 873 720 400.

180 781 393 859 Secundum
421 783 671 860 calendarium
699 783 880 861 festorum
908 784 1135 882 imaginibus
1165 809 1380 886 expressum
1407 785 1460 860 vi·

74 905 206 982 dentur
234 907 386 984 Lenaea
414 935 539 984 mense
569 910 830 1011 Pyanepsione
862 910 1054 986 celebrata
1081 909 1206 985 fuisse.
1246 910 1460 1002 (Boetti-

72 1033 207 1106 cher:
237 1031 482 1110 Athenischer
503 1033 772 1109 Festlralender
790 1033 829 1108 in
848 1032 1012 1109 Bildern.
1042 1032 1247 1132 Gottingae
1268 1033 1404 1122 1865.)

179 1156 236 1233 Of.
256 1158 396 1232 Lexica
415 1156 568 1257 Seguer.
589 1185 625 1257 p.
637 1158 726 1232 278.
747 1156 872 1233 Schol.
892 1159 931 1232 in
942 1156 1180 1260 Aristophan.
1194 1155 1356 1260 Acharn.
1369 1159 1459 1234 202.

658 1366 734 1449 Ad
754 1369 872 1451 400.

179 1533 347 1634 Thucyd.
377 1536 425 1625 II,
457 1537 525 1610 15:
564 1537 608 1613 In
635 1535 815 1611 honorem
842 1533 980 1610 Bacchi
1007 1534 1047 1609 in
1076 1533 1218 1641 Limnis
1255 1534 1458 1612 vetustiora

71 1658 323 1734 Bacchanalia
350 1660 583 1735 celebrantur
614 1659 832 1741 duodecimo
871 1659 929 1735 die
967 1658 1106 1734 mensis
1137 1657 1456 1754 Anthesterionis,

70 1782 379 1886 quemadmodum
399 1810 498 1858 nunc
518 1810 666 1883 quoque
686 1782 784 1884 apud
804 1785 935 1876 Jones,
955 1785 1003 1858 ab
1025 1781 1315 1860 Atheniensibus
1335 1787 1457 1861 oriun-

70 1910 159 2000 dos,
188 1937 268 1984 mos
289 1924 354 1985 est.

658 2010 734 2094 An
751 2014 869 2095 400.

177 2174 475 2253 Plutarchus
493 2176 634 2253 ibidem
654 2178 863 2252 continuat:
896 2176 1006 2276 Apud
1025 2204 1094 2253 nos
1113 2179 1251 2255 mensis
1272 2182 1458 2277 Προστα-

69 2298 195 2401 τήριος
215 2303 460 2404 (patronalis)
480 2302 634 2395 dicitur,
663 2315 841 2400 sextaque
870 2304 949 2403 ejus
977 2302 1036 2378 die
1066 2315 1245 2380 statutum
1266 2320 1323 2382 est
1341 2308 1457 2383 sacris

70 2432 176 2506 Bono
196 2427 318 2505 Genio
348 2421 512 2528 (ἀγαθῷ
540 2423 717 2523 δαίμονι)
747 2428 857 2503 factis
885 2438 1035 2526 gustare
1066 2430 1194 2504 vinum
1224 2444 1310 2531 post
1327 2433 1456 2508 flatum

69 2555 226 2631 Favonii
247 2545 367 2647 (μετὰ
390 2554 596 2648 geconem:
624 2554 655 2628 is
686 2554 784 2627 enim
805 2565 939 2627 ventus
960 2554 1126 2628 omnium
1145 2555 1307 2630 maxime
1327 2556 1456 2631 vinum

69 2691 195 2757 movet
212 2704 257 2755 44
276 2690 413 2772 mutat,
441 2691 479 2753 41
499 2678 597 2777 quod
616 2680 744 2752 vinum
763 2676 862 2751 hunc
882 2677 1126 2774 subterfugit,
1157 2678 1289 2779 idjam
1310 2680 1462 2755 videtur.
1496 2726 1498 2731 ·

66 2805 360 2907 perduraturum.

655 2906 731 2989 Ad
748 2908 866 2989 400.

175 3072 336 3148 841141.
366 3072 422 3147 ad
451 3073 773 3174 Aristophan.
804 3074 1008 3150 Acharn.
1039 3073 1136 3149 961:
1175 3072 1272 3151 Cum
1299 3073 1451 3150 Orestes

67 3214 154 3303 post
173 3199 326 3274 caedem
345 3197 473 3272 matris
493 3197 661 3273 Athenas
682 3199 856 3294 venisset,
878 3224 950 3298 quo
970 3198 1139 3299 tempore
1160 3199 1298 3275 festum
1316 3198 1453 3275 Bacchi

68 3324 209 3404 Lenaei
237 3323 517 3420 celebrabatur,
556 3351 603 3401 ne
632 3324 835 3401 earundem
862 3323 1082 3399 libationum
1111 3325 1299 3432 particeps
1328 3326 1452 3420 lieret,

67 3451 211 3530 Pandio
240 3452 313 3527 tale
342 3451 429 3551 quid
457 3453 696 3552 excogitavit.
734 3450 897 3550 Singulis
927 3450 1095 3528 convivis
1124 3453 1299 3550 congium
1329 3447 1451 3544 (χοᾶ)

68 3578 245 3682 apposuit
265 3591 366 3653 etex
387 3604 430 3651 eo
449 3579 579 3654 bibere
603 3579 734 3678 jussit,
764 3579 891 3654 vinum
917 3604 993 3654 non
1012 3577 1229 3673 miscentes,
1260 3604 1307 3651 ne
1327 3602 1371 3650 ex
1392 3602 1452 3650 eo·

66 3703 152 3780 dem
181 3715 322 3778 cratere
352 3702 504 3778 Orestes
531 3704 694 3797 biberet,
722 3729 817 3778 neve
846 3729 958 3802 aegre
987 3702 1119 3793 144441,
1148 3703 1179 3776 si
1198 3703 1277 3803 ipse
1296 3702 1398 3778 solus
1417 3713 1453 3775 et

66 3828 265 3932 separatim
286 3829 335 3904 ab
354 3827 436 3903 aliis
455 3827 612 3904 biberet.
651 3826 743 3905 Inde
764 3825 887 3937 Choes
917 3826 1055 3903 festum
1083 3824 1184 3927 apud
1204 3824 1453 3909 Athenienses

66 3954 248 4044 celebrari
268 3953 400 4054 coepit.
570 4045 573 4050 .
1327 4041 1347 4051 μ

171 4077 313 4156 Eadem
331 4077 445 4153 habet
464 4076 663 4155 scholiasta
682 4080 730 4154 ad
750 4075 989 4179 Aristophan.
1009 4075 1130 4176 Equit.
1152 4078 1214 4171 95.

651 4270 863 4353 011404.
991 4295 995 4302 ·

172 4421 305 4498 Suidas
324 4448 353 4495 s.
372 4447 407 4494 v.
428 4410 575 4516 Χύτροι
589 4447 601 4488 .·
630 4419 772 4495 Eodem
792 4419 851 4495 die
872 4417 1005 4522 Chytri
1024 4432 1062 4494 et
1080 4416 1204 4494 Choes
1220 4415 1449 4520 agebantur,

62 4549 102 4624 in
121 4573 195 4650 quo
216 4571 324 4621 omne
342 4546 490 4621 seminis
509 4570 629 4645 genus
647 4546 684 4620 in
706 4545 781 4620 olla
805 4544 945 4620 elixum
963 4542 1113 4618 Baccho
1137 4554 1174 4618 et
1192 4542 1376 4621 Mercurio
1395 4545 1449 4623 ol·

63 4674 246 4751 ferebant.
284 4671 554 4772 Theopompus
573 4696 664 4746 vero
683 4669 795 4746 tradit
813 4694 898 4767 eos,
927 4670 991 4770 qui
1010 4667 1151 4745 diluvio
1169 4668 1448 4771 superfuissent,

63 4800 178 4874 mixta
205 4799 326 4874 omnis
355 4796 504 4896 generis
531 4796 674 4871 semina
701 4796 740 4869 in
769 4795 843 4870 olla
862 4795 1028 4888 coxisse,
1058 4806 1096 4869 et
1113 4794 1151 4868 in
1169 4794 1285 4875 sacris
1303 4791 1449 4870 Oboum

62 4923 246 5001 Mercurio
265 4922 419 4997 Inferno
438 4920 639 5016 obtulisse;
667 4921 713 4995 de
733 4918 935 4996 seminibus
954 4929 1079 4995 autern
1097 4918 1136 5011 in
1155 4918 1232 4994 olla
1250 4919 1365 4994 coctis
1384 4944 1447 4992 ne-

62 5049 200 5124 minem
227 5059 408 5147 gustasse.
446 5046 489 5123 Id
517 5059 643 5122 autem
670 5047 821 5139 fecisse,
851 5045 915 5145 qui
944 5044 1085 5120 diluvio
1113 5043 1333 5144 superstites
1357 5043 1451 5119 fuis-¹

62 5188 167 5271 rent,
197 5184 238 5249 ut
256 5172 480 5249 Mercurium
499 5173 655 5249 mortuis
673 5171 874 5273 propitium
894 5169 1104 5249 redderent
1152 5198 1156 5207 ¹

1190 5289 1230 5355 ³¹
