3436 5790
708 373 771 423 JUS
789 367 1000 421 eumcum.

794 561 907 636 1055.

266 688 329 766 Sic
346 689 573 767 mulctentur
596 699 633 764 et
652 689 876 790 puniantur,
904 685 967 785 qui
995 685 1166 787 accipere
1195 710 1352 763 munera
1378 685 1450 763 visi
1470 683 1550 763 fue·

160 815 253 910 rint,
274 826 316 893 ut
334 817 445 891 etiam
463 815 502 891 in
521 815 607 915 pilis
627 812 918 915 proscribantur.

792 977 907 1052 1056.

262 1092 404 1176 Ὃττότε
421 1093 477 1185 τις
496 1102 629 1174 αἰτίαν
648 1101 733 1194 ἔχοι
761 1097 839 1174 τῶν
866 1101 1174 1195 πολιτευομένων
1193 1094 1296 1197 διῗρα
1315 1098 1474 1195 λαβεῖν,
1503 1094 1550 1172 τὸ

161 1228 333 1330 ἔγκλημα
351 1221 395 1300 τὸ
415 1232 503 1299 κατ’
523 1220 648 1301 αὐτοῦ
670 1222 787 1320 διχῶς
805 1228 974 1327 λέγεται,
1004 1221 1223 1323 δωροδοκία
1250 1253 1290 1298 τε
1318 1228 1387 1298 καί
1417 1219 1551 1323 δώρων

160 1348 297 1456 γραφη.
807 1353 1096 1455 (Harpocratiot
1126 1347 1258 1450 δώρων
1277 1346 1439 1452 γραφή.)

801 1495 916 1572 1056.

267 1622 407 1723 Siquis
426 1622 536 1699 exiis
564 1622 628 1721 qui
655 1624 695 1697 in
725 1620 1041 1698 administratione
1070 1619 1300 1721 reipublicae
1328 1637 1550 1714 versantur,

161 1761 352 1852 captorum
372 1772 576 1824 munerum
604 1748 838 1824 insimulatus
857 1747 989 1841 fuerit,
1018 1747 1115 1823 actio
1133 1756 1266 1822 contra
1284 1771 1369 1822 eum
1387 1747 1550 1822 institui-

161 1888 237 1971 tur,
268 1898 362 1974 quae
383 1872 522 1973 duplici
542 1873 691 1948 nomine
710 1873 941 1974 appellatur,
972 1871 1051 1947 sive
1083 1870 1432 1974 corruptionis
1463 1895 1552 1973 per

160 2001 305 2094 dona,
334 1998 413 2074 sive
442 1998 698 2073 accusatio
726 1996 974 2073 donorum.

798 2124 923 2240 rosi:

273 2283 657 2391 Ψευδεγγραφὴ,
687 2279 814 2386 ὄνομα
853 2284 962 2378 δίκης
989 2291 1114 2375 ἐστίν,
1148 2277 1196 2377 ἣν
1223 2288 1387 2362 εἰσίασιν
1416 2287 1454 2360 oi
1482 2312 1552 2390 γε·

160 2418 370 2518 γραμμένοι
392 2408 565 2509 ὀφείλειν
583 2411 637 2512 τῷ
659 2410 852 2513 δημοσίῳ,
881 2405 931 2500 ὦς
959 2417 1310 2514 καταψευσαμένου
1329 2405 1550 2487 αὐτοῦτοῦ

159 2537 427 2641 ἐγγράψαντας
454 2544 497 2627 ἐν
524 2537 572 2635 τῇ
599 2535 728 2613 σανίδι
757 2536 802 2635 τῇ
833 2535 933 2639 παρὰ
953 2538 1000 2636 τῇ
1020 2537 1102 2638 θεῷ
1121 2543 1301 2638 κειμένῃ,
1330 2528 1385 2623 ὦς’
1400 2532 1553 2624 ἀδίκως

160 2670 409 2768 ἐγγραφέντες
428 2659 601 2758 ὀφείλειν
619 2663 674 2763 τῷ
695 2661 876 2763 δημοσίῳ.
1138 2666 1439 2768 (Harpocratio.)

799 2827 914 2902 1057.

266 2955 379 3031 Falsa
405 2952 599 3055 inscriptio
626 2978 764 3030 nomen
793 2964 850 3030 est
877 2951 1053 3047 actionis,
1091 2979 1205 3055 quam
1232 2953 1431 3029 instituunt
1463 2956 1551 3056 qui,

160 3106 275 3183 quum
302 3081 399 3156 inter
427 3081 558 3155 aerarii
588 3079 776 3156 debitores
805 3079 974 3180 inscripti
1004 3078 1100 3172 sint,
1138 3079 1323 3156 mendacii
1352 3080 1554 3182 postulant

161 3233 244 3281 eum
273 3206 336 3304 qui
364 3205 466 3306 ipsos
494 3204 533 3281 in
561 3205 689 3282 tabula
717 3207 764 3282 ad
788 3205 971 3306 templum
989 3204 1082 3282 deae
1102 3205 1265 3306 reposita
1282 3205 1550 3307 inscripserat,

161 3332 258 3431 quod
279 3331 420 3406 scilicet
438 3331 575 3431 injuste
594 3332 690 3408 inter
710 3331 896 3407 debitores
918 3331 1051 3406 aerarii
1070 3329 1176 3405 relati
1195 3329 1344 3406 fuerint

799 3493 913 3570 1058.

270 3617 317 3691 Oi
345 3613 380 3689 d’
413 3606 569 3703 ἁλόντες
606 3615 669 3707 τῆς
707 3613 1021 3720 ψευδεγγραφῆς,
1060 3609 1174 3691 αὐτοὶ
1212 3610 1550 3718 ἆντεγγράφονται

162 3737 334 3835 ὀφείλειν
352 3739 406 3840 τῷ
427 3739 606 3841 δημοσίῳ.
795 3849 844 3925 ¹0
932 3743 1077 3836 (Lexic.
1098 3741 1250 3842 Seguer.
1270 3770 1306 3846 p.
1328 3742 1440 3838 317.)

268 3960 340 4053 Qui
369 3984 457 4036 vero
487 3959 604 4036 falsae
632 3853 1067 4060 inscfiPtion??·OOHVicfi
1086 3958 1245 4050 fuerint,
1275 3960 1346 4059 ipsi
1365 3960 1405 4035 in
1424 3960 1550 4040 locum

161 4088 315 4163 aliorum
334 4085 587 4162 inscribuntur
605 4111 678 4185 qua
696 4083 885 4160 debitores
904 4084 1047 4160 aerarii.

800 4247 912 4324 1059.

272 4366 373 4479 Tude
393 4365 533 4459 οὐσίαν
564 4365 869 4474 ἀπογράψαντας
887 4368 966 4447 τοῖν
985 4367 1154 4449 πολιτῶν
1170 4396 1277 4455 τινας
1296 4359 1346 4455 ὦς
1365 4368 1419 4471 τῷ
1439 4369 1549 4474 δήμῳ

162 4495 456 4597 προσήκουσαν,
486 4501 523 4573 εἰ
540 4496 882 4594 συκοφαντοῦντες
902 4489 1057 4587 ἁλοῖεν,
1081 4498 1227 4591 χιλίαις
1247 4497 1419 4595 ζημιοῦν.

786 4716 789 4721 p
968 4623 1165 4721 ⁸(Suidas:
1186 4616 1439 4723 ἇμφιορκία.)

794 4735 908 4811 1059.

269 4861 342 4954 Qui
369 4862 504 4937 civium
533 4861 633 4938 bona
662 4872 702 4936 ut
729 4860 777 4937 ad
796 4860 978 4964 populum
997 4859 1224 4962 pertinentia
1242 4858 1414 4960 publicas
1433 4861 1472 4937 in
1493 4873 1548 4939 ta-

162 4985 268 5064 bulas
296 4985 510 5081 retulerint,
550 4990 580 5062 si
609 4988 817 5064 calumniae
845 4988 1004 5062 convicti
1033 4985 1190 5081 fuerint,
1228 4985 1334 5061 mille
1360 4985 1549 5066 drachmis

162 5093 396 5194 mulctentur.
