3436 5790
451 428 758 480 couuuurunrus
776 425 830 477 sn
851 422 1032 482 ssae.15⁷r.
1053 425 1131 482 15⁷9.
1406 409 1481 483 645

99 634 277 723 perstant.
320 618 371 699 At
399 622 461 720 qui
489 622 553 696 uni
583 628 726 694 tantum
756 618 881 717 palam
910 621 1067 714 fuerint,
1098 623 1230 697 ceteris
1258 624 1483 722 persuadere

98 758 301 842 conantur,
334 747 421 822 data
448 771 573 846 poena
600 743 742 841 aliqua,
771 767 818 817 ne
847 769 911 819 eos
940 747 1093 844 prodat:
1132 748 1307 845 quocirca
1335 747 1372 821 hi
1408 774 1484 824 non

99 872 250 948 omnino
280 898 347 974 per
376 882 491 947 totam
520 870 636 943 vitam
663 869 769 967 pravi
799 882 926 946 erunt:
955 899 1111 970 quorum
1131 872 1211 947 vice
1230 870 1421 970 legislator
1438 874 1482 949 iis

97 1022 241 1099 poenas
267 997 425 1073 leviores
455 996 680 1096 perscripsit.
718 997 811 1071 Item
832 1023 876 1073 ea
899 997 1135 1096 potissimum
1164 995 1297 1072 delicta
1326 996 1485 1072 dedecus

96 1120 323 1224 reipublicae
346 1123 520 1199 adlenmt
539 1145 633 1220 quae
653 1122 690 1194 in
704 1123 955 1197 conventibus
975 1122 1215 1222 collegiisque
1236 1122 1395 1197 maxime
1414 1146 1483 1222 pu-

99 1248 206 1323 blicis
224 1250 523 1341 committuntur,
543 1246 857 1345 quemadmodum
877 1259 914 1325 et
931 1248 1112 1326 honorem
1130 1245 1255 1323 lerunt
1272 1244 1385 1344 longe
1404 1270 1484 1322 ma·

99 1375 258 1466 ximum,
288 1400 382 1473 quae
411 1374 558 1470 integre
587 1372 735 1472 publice
764 1386 945 1471 aguntur:
976 1373 1186 1475 hujusmodi
1216 1373 1315 1447 enim
1338 1372 1483 1448 actibus

98 1512 134 1574 et
153 1500 221 1576 sibi
242 1511 278 1573 et
307 1498 438 1573 ceteris
467 1497 655 1596 conspicui
684 1506 769 1571 sunt
800 1498 969 1574 maxime.
1009 1499 1144 1574 Evenit
1162 1499 1277 1596 igitur
1295 1508 1336 1572 ut
1355 1522 1400 1574 ex
1420 1499 1485 1572 ali·

99 1651 172 1724 quo
200 1622 383 1724 ejusmodi
411 1632 497 1697 actu
526 1647 602 1698 non
631 1624 751 1698 solum
782 1624 956 1724 privatim
985 1624 1047 1723 qui
1076 1650 1184 1699 suum
1203 1623 1344 1718 amisit,
1375 1623 1484 1699 detri-

99 1760 226 1826 mento
245 1747 449 1842 afficiatur,
478 1772 609 1822 verum
628 1748 740 1822 etiam
759 1747 797 1823 in
817 1748 1088 1849 rempublicam
1107 1748 1306 1824 maledicta
1324 1747 1484 1849 prodan-

99 1887 176 1951 tur:
206 1882 436 1974 quapropter
465 1882 501 1946 et
527 1872 657 1971 poenis
686 1873 921 1968 gravioribus
949 1874 1148 1969 castigavit
1175 1873 1274 1948 hunc
1300 1873 1413 1949 furom
1433 1875 1484 1948 le-

97 2002 271 2097 gislator,
307 2023 420 2098 quam
448 1998 509 2098 qui
539 1999 712 2097 privatim
741 1998 962 2097 quibusdam
991 2025 1037 2075 ex
1065 1998 1218 2074 aedibus
1246 1999 1358 2075 furati
1386 2011 1483 2076 sunt.

99 2128 191 2201 Item
212 2125 273 2223 qui
292 2149 312 2198 e
333 2123 441 2197 domo
460 2148 539 2197 rom
568 2149 672 2198 suam
702 2125 884 2219 amiserit,
914 2125 952 2199 in
981 2123 1161 2223 ejusmodi
1191 2135 1360 2200 versatur
1386 2124 1483 2217 loco,

99 2249 196 2325 unde
217 2248 325 2324 facile
345 2247 379 2322 ei
399 2246 565 2322 estnihil
584 2274 715 2349 passo,
744 2274 814 2324 ncc
843 2251 949 2326 irriso
978 2248 1025 2324 ab
1054 2247 1260 2349 aliquibus,
1289 2249 1389 2324 domi
1408 2275 1483 2324 ma-

97 2387 247 2450 nentem
273 2399 381 2449 suum
410 2373 578 2473 perferre
607 2398 757 2470 casum;
784 2375 837 2450 illi
863 2401 954 2450 vero
976 2375 1161 2451 discessus
1180 2374 1387 2452 laboriosus
1408 2383 1483 2470 est,

98 2502 237 2601 quippe
256 2498 366 2574 nudo.
405 2497 607 2573 Praeterea
629 2496 816 2599 plerisque
846 2499 970 2575 evenit
989 2511 1028 2575 ut
1047 2498 1270 2575 irrideantur
1290 2499 1482 2599 aquibus

98 2627 203 2722 dam,
231 2624 329 2725 quod
358 2622 470 2720 longe
498 2622 688 2700 molestius
717 2650 829 2725 quarn
855 2626 909 2701 rei
932 2627 1082 2726 jactura
1110 2637 1184 2702 ost:
1213 2625 1353 2726 quade
1372 2650 1484 2705 caussa

98 2765 135 2828 et
154 2776 293 2853 poenas
311 2748 503 2849 legislator
523 2747 580 2824 his
599 2749 729 2824 statuit
747 2750 950 2848 graviores.

674 2958 748 3042 Ad
766 2960 910 3043 15⁷⁷.

203 3128 322 3203 Plato.
343 3127 433 3222 Leg.
455 3126 544 3217 955,
564 3127 615 3200 B:
641 3117 739 3197 Ἐὰν
758 3154 812 3210 τις
832 3125 1074 3226 κλεμμάδιον
1094 3123 1233 3208 ὁτιοῦν
1251 3125 1483 3230 ὑποδέχηται

95 3243 343 3353 γιγνώσκων,
381 3246 452 3337 τήν
481 3244 605 3337 αὐτὴν
634 3240 807 3346 ὑπεχέτω
837 3250 952 3343 δίκην
981 3255 1035 3354 τῴ
1063 3262 1264 3357 κλέψαντι.
1312 3263 1374 3356 (Si
1403 3267 1484 3365 quis

95 3377 223 3453 furtivi
243 3376 381 3474 aliquid
401 3376 532 3477 recipit
550 3378 681 3472 sciens,
703 3379 834 3470 eidem,
854 3382 912 3456 cui
932 3382 1001 3477 fur,
1022 3385 1203 3464 obnoxius
1214 3368 1359 3489 poenae
1370 3396 1483 3485 esto.)

670 3604 746 3688 Ad
767 3607 911 3692 15⁷0.

202 3769 417 3847 Secundum
435 3768 558 3869 Leges
576 3769 744 3847 Platonis
764 3774 874 3869 (954,
896 3774 948 3868 Α)
971 3778 1003 3852 si
1025 3780 1108 3879 quis
1127 3785 1281 3858 scrutari
1302 3781 1479 3881 (φωρᾷν)

94 3896 173 3972 vult
191 3896 291 3997 apud
310 3896 491 3994 aliquem,
519 3896 643 3995 posito
662 3897 776 3996 pallio
794 3899 856 3974 vel
875 3905 1042 3980 tunicula
1060 3904 1211 3982 indutus
1231 3908 1309 3986 sine
1328 3912 1479 4009 cingulo

95 4016 261 4122 (γυμνὸς
291 4013 314 4108 ἢ
336 4021 579 4115 χιτωνίσκον
608 4021 709 4116 ἔχων
738 4015 946 4124 ἄζωστος),
970 4031 1119 4130 juratus
1143 4059 1210 4134 per
1229 4034 1338 4129 deos,
1366 4063 1405 4114 se
1423 4039 1478 4115 in·

94 4158 292 4224 venturum
311 4172 483 4247 sperare,
511 4149 564 4224 ita
582 4158 784 4245 scrutetur,
812 4153 905 4227 alter
936 4179 1026 4228 vero
1055 4154 1205 4234 domum
1236 4161 1283 4237 ad
1312 4173 1476 4242 scrutan-

94 4272 180 4348 dum
200 4272 398 4374 praebeto,
428 4298 511 4348 cum
538 4275 650 4350 rebus
678 4287 753 4352 tans
782 4276 989 4378 obsignatis
1018 4306 1130 4380 quam
1157 4311 1233 4360 non
1259 4287 1490 4389 obsignatis..

94 4396 134 4472 si
153 4397 233 4497 quis
251 4411 374 4475 autem
394 4400 578 4497 vestigare
600 4402 741 4478 volenti
760 4407 918 4481 scrutari
946 4433 1021 4483 non
1050 4411 1239 4506 concedit,
1270 4415 1333 4514 qui
1351 4416 1473 4514 prohi-

93 4525 220 4617 betur,
249 4525 442 4601 aestimata
461 4552 520 4620 re,
550 4552 662 4626 quam
681 4529 862 4628 vestigat,
891 4533 1006 4632 injus
1027 4560 1109 4610 eum
1129 4549 1255 4632 vocet,
1285 4543 1370 4619 etsi
1390 4545 1472 4645 quis

93 4648 358 4726 condemnatus
378 4661 453 4744 est,
483 4649 683 4752 duplum
700 4655 764 4729 ‘rei
793 4655 1007 4734 aestimatae
1033 4688 1100 4761 pro
1122 4663 1257 4741 damno
1276 4667 1472 4769 dependat.

92 4775 132 4852 si
161 4799 251 4848 vero
280 4774 450 4849 dominus
477 4774 625 4851 aedium
654 4802 811 4878 peregre
841 4782 965 4875 abest,
995 4784 1244 4866 inhabitantes
1273 4818 1350 4868 uon
1375 4794 1472 4868 obsi·

92 4911 208 4999 gnata
226 4898 446 4998 vestiganda
473 4902 697 5001 praebente,
728 4902 926 5004 obsignata
955 4927 1079 4985 asrtem
1107 4911 1157 5008 is,
1187 4918 1248 5015 qui
1267 4926 1473 5014 serutatur,

87 5025 195 5124 juxta
223 5024 419 5121 obsignato
448 5039 486 5103 et
513 5053 624 5127 quem
652 5029 754 5106 volet
789 5031 979 5108 custodem
1008 5040 1185 5138 apponite
1214 5069 1280 5144 per
1309 5045 1470 5146 quinque

93 5149 192 5246 dies3
209 5151 267 5226 sin
285 5158 409 5227 autem
428 5151 564 5229 diutius
584 5154 699 5252 abest,
720 5157 820 5233 urbis
838 5160 1027 5261 magistris
1045 5162 1218 5243 adhibitis
1228 5163 1340 5259 (τούς
1351 5162 1468 5247 ἀστο-
