3436 5790
688 397 868 452 panario.
1398 376 1476 453 205

738 591 827 666 820.

190 733 320 815 Liceat
338 746 467 813 contra
484 760 548 812 eos
568 735 758 836 querelam
786 734 1002 830 intendere,
1033 735 1097 834 qui
1116 735 1297 838 populum
1318 735 1475 839 decepe-

87 865 171 957 rint,
186 875 297 964 atque
316 863 438 958 iidem,
455 863 544 938 dum
563 862 728 959 cognitio
748 862 848 937 facta
866 861 986 951 tuerit,
1006 860 1260 937 vadimonium
1271 874 1474 964 praestent.

684 1159 813 1237 Ἀρθρον
832 1159 871 1237 φ’.

715 1266 849 1331 Φιίυις.

687 1469 828 1523 articulo·
847 1467 873 1521 3.

629 1580 653 1630 D
684 1593 699 1630 c
730 1577 739 1630 l
772 1593 789 1630 a
819 1584 830 1627 t
862 1579 871 1629 i
902 1592 927 1628 o.

737 1743 826 1818 82¹.

195 1881 349 1971 ψοίσις
377 1889 523 1988 λέγεται
540 1885 615 1982 μίν
634 1886 702 1956 καί
723 1886 783 1960 ἐντί
804 1878 991 1979 δραοσίου
1010 1877 1271 1984 ἐγκλήματος,
1302 1875 1399 1960 ὅταν
1417 1912 1472 1969 τις

91 2003 287 2105 ἀποφαίνῃ
316 2039 350 2083 τι
379 2008 457 2084 τῶν
490 2007 685 2107 δημοσίων
712 2003 856 2103 ἔχοντα
884 2035 970 2087 τινα
986 2002 1041 2104 μὴ
1063 2005 1295 2104 πριάμενον,
1325 2011 1470 2112 λέγεται

91 2131 124 2207 δι’
144 2139 212 2208 καί
233 2139 293 2210 ἐπὶ
313 2131 391 2208 τῶν
411 2129 639 2231 ὀρφανικῶν
660 2131 804 2207 οἴκων·
826 2125 890 2205 ὅτε
908 2122 982 2234 γαρ
997 2127 1052 2229 μή
1071 2131 1312 2231 ἐκμισθῶσιν
1332 2133 1366 2206 οί
1386 2137 1473 2207 ἐτί-

91 2288 215 2354 τροτιοι
235 2255 308 2333 τὸν
337 2255 453 2334 οἶκον
479 2257 558 2332 τῶν
586 2261 960 2354 ἐπιτροπευομίνιον,
990 2259 1119 2349 φαίνει
1140 2252 1267 2333 αὐτὸν
1285 2249 1307 2332 ὅ
1328 2256 1473 2356 βουλό-

87 2413 197 2481 μενος
225 2382 318 2482 πρὸς
346 2379 417 2459 τόν
445 2377 641 2478 ἄρχοντα,
670 2384 735 2456 ἵνα
759 2377 971 2478 μισθωθῇ·
1003 2381 1135 2473 φαίνει
1163 2377 1200 2453 δι’
1221 2387 1290 2456 καί
1311 2381 1474 2458 σι’ἐλοίτ-

91 2538 197 2596 τονος
216 2503 241 2601 ἢ
257 2507 359 2585 κατοὶ
379 2507 450 2602 τήν
469 2505 586 2600 ἀξίαν
599 2508 839 2607 μεμίσθωτο.
1065 2507 1367 2612 (Harpocratim)

736 2694 826 2770 821.

190 2839 395 2916 Delatio
423 2837 558 2916 dicitur
582 2849 620 2915 et
640 2838 686 2914 de
706 2838 941 2914 accusatione
961 2837 1134 2939 publica,
1168 2861 1282 2938 quum
1302 2835 1384 2937 quia
1403 2837 1473 2911 cri·

91 2963 246 3039 minatur
264 2965 422 3040 alterum
442 2965 581 3067 publici
601 2962 689 3064 quid
710 2961 848 3038 habere
869 2962 969 3061 quod
998 2989 1073 3038 non
1102 2965 1254 3057 emerit,
1284 2960 1387 3037 etde
1413 2986 1473 3036 ac-

91 3090 274 3165 cusatione
296 3092 442 3193 privata
470 3101 624 3191 propter
652 3088 782 3163 domus
811 3087 1026 3189 pupillares.
1066 3087 1104 3163 Si
1125 3089 1225 3163 enim
1245 3099 1387 3164 tutores
1406 3085 1472 3161 do·

90 3239 185 3289 mum
215 3215 442 3316 pupillorum
471 3240 547 3289 non
577 3213 824 3305 elocaverint,
863 3213 985 3312 quivis
1020 3239 1154 3288 nomen
1184 3240 1313 3288 eorum
1342 3211 1389 3286 ad
1418 3239 1473 3286 ar·

91 3338 259 3416 chantem
278 3341 418 3436 defert,
449 3353 489 3416 ut
508 3341 709 3417 elocentur.
748 3337 880 3412 Defert
899 3338 985 3412 item
1008 3364 1144 3413 nomen
1164 3365 1316 3432 eorum,
1348 3338 1378 3410 si
1407 3337 1472 3411 mi-

89 3466 185 3541 noris
205 3493 314 3566 quam
333 3477 482 3568 oportet
501 3467 665 3542 elocatae
686 3451 835 3540 fuerint.

737 3645 827 3725 822.

195 3784 314 3874 ψοίσις
332 3793 409 3863 ἐστι
429 3791 498 3862 καί
518 3783 563 3862 τὸ
583 3790 742 3880 φαίνειν
759 3783 851 3874 τούς
871 3789 952 3884 περὶ
970 3781 1018 3859 τοί
1034 3789 1203 3884 μέταλλα
1224 3779 1472 3870 ἀδικοῦντας,

86 3904 208 4010 ἢπιρί
227 3910 272 3986 τὸ
292 3912 476 4014 ἐμπόριον
503 3909 827 4016 κακουργοῦντας
857 3907 880 4004 ἢ
910 3918 992 4010 aeci
1020 3910 1069 3988 τὰ
1097 3917 1181 4003 τέλη
1210 3906 1233 4003 ἢ
1254 3908 1334 3985 τῶν
1353 3907 1472 4008 δρυο-

86 4041 181 4112 σίων
209 4069 246 4112 τι
273 4044 598 4137 νενοσφισμένους
629 4034 652 4132 ἢ
680 4038 1052 4134 συκοφαντοῦντας,
1081 4032 1104 4130 ἢ
1132 4043 1213 4135 περί
1233 4034 1325 4122 τούς
1345 4031 1472 4132 ὀρφα-

87 4160 179 4250 νοιίς
198 4163 553 4264 ἐξαμαρτάνοντας·
584 4163 725 4254 κοινῶς
754 4163 791 4239 δι’
813 4160 948 4261 φάσεις
968 4165 1183 4239 καλοῦνται
1206 4161 1321 4236 πᾶσαι
1342 4163 1378 4235 ai
1395 4193 1472 4260 μη-

87 4288 211 4376 νύσεις
228 4288 307 4364 τῶν
325 4289 608 4366 λανθανόντων
628 4285 888 4387 ἀδικημάτων.
976 4292 1133 4386 (Pollux
1154 4292 1258 4384 VIII,
1279 4292 1363 4381 47.)

733 4471 823 4548 822.

192 4615 342 4693 Delatio
362 4625 418 4689 est
437 4615 548 4691 etiam
567 4613 710 4690 deferre
730 4639 813 4706 eos,
844 4612 906 4712 qui
936 4611 973 4687 in
1002 4612 1162 4688 metallis
1187 4612 1361 4714 injuriam
1382 4613 1471 4690 faci·

87 4759 172 4842 unt,
202 4756 267 4822 aut
292 4747 389 4820 circa
418 4745 626 4845 emporium
654 4743 751 4817 male
780 4768 839 4817 res
867 4752 1050 4836 tractant,
1080 4753 1144 4817 aut
1162 4740 1395 4843 publicarum
1414 4768 1471 4818 re-

87 4899 166 4948 rum
186 4870 324 4945 tributa
341 4873 607 4972 appropriant,
635 4883 698 4944 aut
728 4868 982 4969 sycophantiis
1009 4867 1229 4957 vendicant,
1259 4881 1323 4943 aut
1341 4881 1472 4944 contra

87 4996 274 5098 orphanos
293 4997 523 5095 delinqurmt.
543 4995 799 5072 Communiter
818 5022 908 5071 vero
927 4992 1135 5069 delationes
1156 4992 1329 5070 dicuntur
1348 4995 1472 5071 omnia

86 5122 279 5200 latentium
298 5122 493 5198 criminum
510 5118 660 5202 indicia.
