3436 5790
572 403 880 457 COMMENTARIUS
901 402 953 450 AD
975 399 1053 454 1323.
1075 400 1152 453 1³25.

745 607 820 688 Ad
838 605 982 687 1³2³.

271 742 614 876 Harpocrat'io
643 805 670 851 s.
703 803 737 874 y.
762 767 1054 869 ’Aysrpsdpdystus
1090 775 1180 851 Dies
1209 770 1395 872 quaedam
1423 772 1473 846 ob
1501 774 1557 845 in-

162 906 284 1013 fantes
314 927 445 977 recens
475 913 582 979 natos
612 901 891 995 celebrabatur,
921 927 996 1000 qua
1024 925 1182 1001 puerum
1212 925 1322 973 cursu
1343 898 1481 971 circum
1500 896 1555 969 fo-

163 1054 248 1104 cum
276 1027 468 1118 ferebant,
498 1035 577 1102 eta
603 1025 848 1102 familiaribus
877 1035 987 1124 atque
1018 1024 1146 1100 amicis
1175 1023 1336 1125 polypos
1368 1033 1404 1097 et
1434 1022 1557 1121 sepias

164 1150 409 1253 accipiebant.

270 1277 403 1353 Idem
429 1303 510 1350 av.
541 1267 873 1370 tssaopsvopaov:
907 1273 1095 1377 Septimos
1123 1284 1161 1348 et
1189 1270 1353 1348 decimos
1382 1271 1555 1346 0001101-

161 1412 237 1477 tate
266 1402 450 1477 infantum
480 1401 558 1477 dies
586 1401 848 1492 celebrabant,
878 1399 1105 1498 nominaque
1133 1399 1178 1473 110
1197 1396 1465 1497 imponebant,
1495 1396 1556 1471 alii

164 1552 252 1602 vero
271 1526 415 1601 decimo
434 1525 504 1600 die.

270 1666 424 1744 Suidas:
457 1660 831 1763 Ἀμφιδρόμιαε
861 1669 1023 1761 Quintus
1052 1696 1074 1742 a
1102 1667 1199 1743 natis
1228 1667 1433 1743 infantibus
1463 1665 1553 1760 dies,

163 1820 272 1896 quem
291 1796 344 1869 ita
362 1792 574 1888 celebrant,
604 1795 726 1871 utillo
746 1795 806 1874 die
825 1821 957 1871 manus
985 1803 1148 1895 purgent
1171 1793 1413 1887 obstetrices,
1444 1806 1481 1867 et
1499 1795 1552 1867 in-

164 1922 308 1997 fantem
336 1920 435 1994 circa
464 1919 587 1994 focum
614 1934 806 1997 currentes
834 1921 976 2015 ierant,
1004 1919 1094 1994 itam
1123 1919 1324 2020 propingui
1349 1919 1452 1995 dona
1471 1921 1550 2013 mit·

163 2057 263 2138 tunt,
284 2044 493 2145 polypodes
512 2043 731 2145 plerumque
751 2056 788 2120 ot
806 2046 940 2146 sepias.
966 2045 1122 2120 Decimo
1142 2071 1234 2118 vero
1253 2043 1311 2119 die
1331 2044 1466 2120 infanti
1488 2072 1551 2121 no-

162 2196 249 2246 men
268 2171 477 2271 imponunt.

273 2293 332 2370 Of.
352 2293 475 2369 Sohol.
495 2296 533 2368 in
546 2293 784 2394 Aristophan.
798 2295 953 2395 Lysistr.
966 2294 1054 2369 757.
1079 2293 1220 2370 Lexica
1238 2293 1392 2396 Seguer.
1413 2325 1449 2396 p.
1463 2298 1552 2388 207,

166 2421 254 2497 237.
283 2418 406 2497 Schol.
427 2420 476 2517 in,
490 2418 635 2495 Platon.
666 2421 820 2497 Theaet.
841 2448 877 2522 p.
899 2420 989 2516 361,
1019 2418 1075 2495 ed.
1097 2419 1257 2496 Bekker.
1284 2421 1446 2525 Hesyoh.
1469 2451 1498 2497 0.
1520 2452 1552 2496 v.

164 2540 428 2641 δρομιάμφιοα
451 2534 563 2640 ἦμαρ.

271 2688 505 2764 Herodot.
534 2690 564 2781 I,
597 2687 693 2761 173:
723 2688 828 2788 Lycii
856 2714 969 2762 unum
989 2689 1274 2790 hoc,proprium
1292 2687 1454 2784 habent,
1485 2719 1554 2767 nec

162 2842 248 2891 cum
266 2814 350 2888 ullis
369 2813 451 2888 01110
470 2812 662 2889 hominum
682 2839 897 2890 commune:
917 2838 997 2888 0000
1017 2814 1089 2914 ipsi
1108 2837 1131 2888 a
1148 2815 1330 2891 matribus
1350 2818 1552 2911 nominant,

164 2965 240 3013 non
260 2965 282 3011 a
302 2936 482 3038 patribus.

741 3039 818 3121 Ad
836 3040 981 3122 1325.

270 3202 449 3278 Suidas
477 3229 504 3277 a.
526 3233 559 3279 ν.
590 3202 842 3302 ληξιαρχικὸν
860 3174 1148 3308 ypappavezor:
1178 3209 1326 3287 Civium
1345 3211 1550 3290 Athenien-

162 3331 277 3421 sium,
307 3329 370 3427 qui
399 3354 467 3428 per
493 3340 651 3408 aetatem
679 3334 918 3430 magistratus
946 3360 1074 3433 gerare
1104 3348 1297 3436 poterant,
1325 3339 1480 3414 nomina
1497 3341 1550 3414 in·

34 3490 37 3495 ¹
163 3454 440 3549 scribebantur,
470 3456 595 3533 addito
624 3458 778 3558 singulis
808 3485 917 3559 pago.
958 3461 1016 3536 Ex
1044 3461 1101 3537 his
1130 3462 1244 3561 igitur
1272 3462 1406 3539 tabulis
1436 3467 1550 3562 magi·

161 3590 298 3657 stratus
323 3580 580 3659 sortiebantur.
619 3584 688 3661 Est
716 3586 827 3661 etiarn
855 3586 1003 3679 tabula,
1032 3588 1070 3662 in
1099 3614 1173 3686 qua
1200 3589 1458 3665 scribebantur
1488 3618 1550 3667 no·

161 3708 263 3782 mina
281 3707 595 3801 adolescentium,
626 3711 761 3812 quibus
781 3736 848 3812 per
860 3711 1003 3811 justam
1022 3723 1183 3789 aetatem
1201 3714 1469 3814 patrimonium
1489 3717 1549 3792 ad-

161 3833 373 3908 ministrare
392 3833 540 3909 licebat.

270 3957 370 4032 vus
390 3953 449 4057 §a
472 3958 639 4036 10-10,

269 4099 452 4176 Andocid.
483 4101 529 4176 de
557 4114 706 4201 myster.
737 4102 890 4206 §.1272
921 4112 1079 4205 Πατέρα
1106 4103 1304 4206 ὀμόσαντα
1332 4109 1502 4213 εἰσάγειν
1531 4107 1551 4201 ἦ

157 4222 239 4321 μὴν
260 4219 347 4296 υἱὸν
368 4213 465 4295 ὄντα
486 4225 626 4301 ἑαυτοῦ
648 4226 827 4332 εἰσάγειν.
867 4235 994 4327 (Licet
1012 4239 1109 4336 patri
1129 4237 1249 4313 filium
1266 4236 1460 4335 inducere,
1490 4242 1550 4316 ubi

155 4352 340 4454 juraverit
359 4374 446 4424 eum
465 4376 597 4429 revera
616 4355 733 4434 filium
752 4384 862 4435 suum
881 4363 993 4454 0000.)

269 4494 441 4568 100000
461 4493 517 4571 de
539 4495 699 4575 Oiron.
720 4501 813 4578 her.
835 4499 868 4605 ξ.
892 4503 961 4578 19;
990 4504 1103 4581 Pater
1130 4518 1275 4602 noster,
1306 4521 1347 4586 ut
1375 4513 1453 4590 nati
1483 4512 1548 4591 fui-

162 4644 263 4710 mus,
293 4619 332 4690 in
351 4617 548 4718 phratoras
566 4649 635 4699 nos
655 4624 820 4720 induxit,
846 4628 947 4728 apud
967 4653 1104 4728 eosque
1124 4632 1266 4708 sancito
1278 4635 1434 4732 legibus
1447 4640 1547 4739 jure·

156 4744 320 4843 jurando
339 4744 561 4841 affirmavit,
591 4776 660 4827 nos
680 4750 751 4828 sibi
770 4779 790 4829 0
812 4753 891 4830 cive
913 4752 1039 4831 Attica
1054 4755 1216 4856 legitime
1234 4759 1305 4835 sibi
1325 4760 1549 4863 desponsata

162 4883 267 4943 natos
287 4895 387 4944 esse:
417 4871 631 4970 phratorum
659 4877 711 4951 ibi
740 4879 865 4958 nullus
895 4881 1090 4960 oblocutus
1109 4897 1184 4978 est,
1212 4911 1334 4986 neque
1355 4891 1547 4965 veritatem

161 4997 214 5069 rei
234 4996 272 5067 in
292 4994 444 5071 dubium
463 4995 637 5093 adduxit,
667 5005 812 5078 tametsi
839 5006 1058 5106 phratornm
1077 5035 1236 5108 magnus
1253 5024 1355 5090 00001
1373 5038 1546 5091 numerus

160 5120 258 5219 iique
277 5119 367 5196 talia
384 5146 514 5199 severe
534 5130 686 5203 scrutari
706 5130 859 5207 soleant.
