3436 5790
211 316 288 395 552
617 329 927 387 conusnranms
947 326 1000 378 an
1021 323 1100 380 rosa.
1123 324 1201 381 rear.
1277 322 1284 344 ⁸

319 531 532 610 Secundum
551 524 722 604 Platonis
745 524 868 620 Leges
896 516 1008 614 (762,
1028 517 1166 612 Α-Β)
1195 546 1371 617 agrorum
1401 522 1600 620 magistros

214 653 326 751 (τούς
345 650 620 757 ἀγρονόμους),
647 647 790 750 siquid
810 645 994 722 incuriose
1013 644 1156 722 faciunt
1174 646 1213 722 in
1232 671 1315 741 eos,
1346 674 1439 747 quos
1457 660 1598 742 ornant,

213 785 274 861 vel
301 808 455 858 munera
481 774 692 878 inaequalia
718 774 960 875 injungentes
988 771 1050 848 vel
1077 797 1223 850 sumere
1241 772 1381 873 aliquid
1399 785 1437 848 et
1454 773 1599 852 auferre

214 909 263 985 ab
280 907 344 1000 iis,
372 905 434 1006 qui
453 905 493 979 in
511 902 592 1001 agri
611 900 756 978 cultura
774 906 881 993 sunt,
906 922 990 973 oum
1007 922 1086 974 non
1105 898 1377 997 perevaserint,
1408 910 1600 994 conantes,

213 1034 301 1108 item
321 1031 351 1105 si
371 1028 461 1130 quid
479 1025 669 1130 accipiunt
697 1022 874 1103 adulandi
902 1047 1014 1099 causa
1041 1022 1209 1102 oblatum
1236 1023 1298 1100 vel
1322 1023 1434 1099 etiam
1455 1022 1602 1124 judicia

214 1156 349 1256 injuste
384 1155 623 1255 dispensant,
659 1148 848 1226 blanditiis
878 1147 1072 1243 cedentes,
1111 1149 1258 1249 probris
1286 1148 1425 1225 afficite
1449 1148 1601 1247 civitas;

213 1281 437 1382 reliquarum
455 1289 581 1354 autem
607 1275 846 1377 injuriarum,
875 1299 967 1374 quas
996 1275 1053 1350 sui
1080 1273 1154 1349 loei
1181 1274 1311 1351 incolis
1340 1273 1524 1368 inferunt,
1553 1276 1600 1352 ad

214 1406 352 1480 minam
380 1427 497 1504 usque
527 1398 626 1503 apud
654 1424 825 1499 paganos
854 1408 891 1473 et
920 1396 1063 1473 vicinos
1085 1396 1229 1498 judicia
1257 1424 1326 1474 sua
1352 1411 1486 1499 sponte
1513 1401 1599 1476 sub·

215 1541 349 1621 eunto,
378 1530 424 1606 de
452 1526 656 1629 majoribus
674 1550 763 1600 vero
782 1523 990 1625 quibusque
1009 1523 1153 1624 injuriis
1172 1523 1231 1598 vel
1251 1522 1362 1599 etiam
1382 1524 1427 1601 de
1448 1524 1600 1602 minori-

215 1653 306 1750 bus,
336 1656 366 1732 si
395 1653 529 1730 nolunt
554 1649 677 1727 subire
698 1648 928 1725 confidentes
950 1648 1028 1724 fore
1048 1659 1089 1723 ut
1108 1648 1261 1750 propter
1280 1662 1508 1726 menstruam
1530 1652 1600 1727 loci

215 1781 460 1857 mutationem
487 1804 648 1881 poenam
675 1774 851 1876 postulati
881 1775 1081 1873 effugiant,
1110 1775 1148 1849 in
1167 1768 1436 1876 scommunibus
1448 1776 1601 1878 judiciis

215 1906 317 1982 litem
336 1903 507 1983 intendat
524 1903 661 2005 injuria
684 1903 860 1995 affectus,
889 1901 952 2002 qui
972 1899 1001 1975 si
1020 1900 1170 1995 vicerit,
1201 1901 1354 2003 duplum
1383 1903 1524 2001 exigito
1553 1904 1600 1977 ab

215 2054 278 2126 eo,
299 2031 361 2132 qui
380 2027 609 2127 subterfugit
627 2036 666 2103 et
683 2052 750 2102 sua
768 2035 902 2127 sponte
921 2024 1045 2101 subire
1064 2051 1226 2127 poenam
1245 2027 1375 2103 noluit.

323 2170 432 2273 Apud
451 2171 640 2248 Romanos
661 2196 680 2247 e
700 2169 785 2269 lege
805 2169 890 2246 XII.
910 2168 1123 2244 tabularum
1146 2169 1264 2268 judex
1284 2169 1497 2273 arbiterque
1513 2173 1600 2274 jure

216 2301 335 2392 datus,
353 2279 417 2400 qui
437 2298 486 2375 ob
506 2324 585 2376 rem
598 2295 843 2399 judicandam
861 2296 1059 2395 pecuniam
1078 2299 1266 2399 accepisse
1282 2299 1475 2375 convictus
1492 2310 1600 2393 esset,

216 2425 336 2527 capite
356 2423 590 2523 puniebatur.
619 2421 839 2515 (Gellius
860 2415 993 2497 Noct.
1013 2418 1108 2498 Att.
1128 2421 1214 2518 XX,
1237 2424 1270 2519 l,
1292 2424 1349 2516 7.)

323 2548 626 2625 vetustissimum
647 2546 806 2648 judicis,
835 2547 898 2648 qui
925 2547 1084 2647 pecunia
1102 2549 1290 2649 corrumpi
1309 2575 1348 2626 se
1367 2577 1502 2652 passus
1526 2563 1602 2646 est,

216 2673 447 2751 severissime
466 2673 586 2777 puniti
606 2671 839 2774 exemplum,
869 2683 972 2763 extat
999 2673 1038 2762 in
1067 2674 1220 2751 historia
1247 2673 1445 2777 Cambysis
1470 2677 1601 2753 Persa-

216 2825 299 2876 rum
317 2800 426 2899 regis,
446 2824 558 2899 quam
576 2808 703 2875 narrat
720 2796 933 2900 Herodotus
953 2793 1020 2894 (V,
1033 2798 1114 2889 25).
1133 2800 1203 2877 Ille
1224 2826 1359 2901 nempe
1380 2800 1601 2896 Sisamnem,

217 2950 332 3001 unum
352 2950 372 2999 e
385 2922 575 3025 judicibus
593 2923 727 3022 regiis,
753 2920 852 3022 quod
877 2934 1032 3022 accepta
1058 2924 1220 3023 pecunia
1238 2926 1415 3025 injustam
1433 2954 1600 3029 pronun·

219 3049 353 3126 oiasset
380 3047 622 3138 sententiam,
655 3045 913 3142 interfecerat,
950 3046 1219 3149 interfectoque
1248 3059 1364 3128 totam
1392 3052 1604 3132 detraxerat

219 3173 376 3274 pellem,
405 3182 443 3247 et
470 3170 594 3248 scissis
613 3197 633 3247 e
652 3171 820 3249 detracta
839 3173 937 3274 pelle
956 3172 1045 3249 loris
1064 3173 1273 3251 intenderat
1291 3177 1444 3273 sellam,
1472 3179 1511 3253 in
1531 3207 1604 3282 qua

219 3296 281 3374 ille
300 3297 433 3374 sedens
444 3295 509 3396 jus
528 3295 691 3374 dixerat:
719 3324 792 3398 quo
819 3296 919 3374 facto
948 3323 1014 3373 rex
1042 3298 1160 3374 filium
1178 3298 1345 3401 ejusdem
1365 3300 1545 3380 Siramnis
1564 3306 1602 3380 in

220 3422 336 3525 patris
354 3421 477 3498 locum
495 3421 753 3501 nominaverat
765 3421 951 3523 judicem,
977 3422 1157 3499 monitum
1178 3435 1220 3500 ut
1238 3426 1494 3506 recordaretur
1512 3457 1601 3532 qua·

221 3575 308 3625 nam
327 3548 366 3622 in
384 3546 475 3624 sella
486 3547 550 3649 jus
570 3543 697 3628 diceus
716 3547 873 3624 sederet.

326 3674 481 3748 Factum
508 3670 547 3748 id
575 3683 630 3748 est
654 3673 805 3749 vivente
824 3671 946 3750 adhuc
964 3670 1121 3750 Athenis
1139 3672 1297 3771 Solone,
1326 3678 1466 3767 Romae
1486 3681 1603 3782 impe-

221 3807 328 3874 rante
348 3796 551 3896 Tarquinio
577 3795 770 3898 Superbo,
800 3796 862 3874 vix
889 3798 1081 3897 octoginta
1108 3799 1215 3877 annis
1244 3813 1335 3879 ante
1360 3803 1604 3884 decemviros.

222 3923 312 4022 Ejus
337 3922 461 4020 itaque
491 3932 529 3997 et
554 3922 594 3999 hi
616 3923 830 4003 meminisse
850 3934 1045 4024 poterant,
1074 3925 1226 4026 ejusque
1247 3930 1419 4032 exemplo
1440 3957 1603 4008 eommo-

226 4047 315 4124 veri.
356 4045 661 4139 (Balduinus
687 4049 736 4124 in
763 4049 902 4150 leges
929 4050 1033 4128 XII.
1062 4050 1344 4130 tabularum
1371 4080 1452 4159 cap.
1477 4055 1603 4151 VIII.)

794 4257 870 4341 Ad
888 4261 1031 4344 1⁰5⁷.

232 4517 236 4526 Ι
331 4422 482 4500 Suidas:
504 4419 890 4528 ψευδὲγγραφος
919 4422 1059 4516 δίκη·
1087 4422 1165 4502 τῶν
1184 4424 1346 4529 δημοσίᾳ
1366 4423 1606 4536 ὀφειλᾷντων

228 4541 272 4617 roi
302 4540 475 4642 ὀνόματα
504 4527 800 4651 ἀπογράφονται
830 4551 866 4625 oi
893 4554 1049 4649 ταμίαι,
1079 4556 1147 4626 καὶ
1167 4545 1239 4627 ὅσα
1259 4560 1417 4642 ἕκαστος
1437 4551 1604 4651 ὀφείλει·

225 4665 297 4744 ἐὰν
326 4662 401 4744 οὖν
424 4667 477 4768 μὴ
507 4666 717 4767 ὀφείλοντα
736 4673 1005 4778 ἑγγράφῃτις,
1040 4671 1292 4773 ἢόφείλοντα
1310 4683 1384 4778 μὲν
1402 4679 1604 4785 ἐγγράψῃ,

228 4798 341 4868 πλέον
370 4795 407 4869 δὲ
436 4796 506 4872 τοῦ
527 4792 801 4897 ὀφειλήματος,
831 4791 945 4889 οὗτος
973 4799 1265 4908 ψευδαγγραφῆς
1288 4807 1476 4906 κρίνεται.
1511 4811 1604 4907 (Eo-

225 4948 307 4997 rum
325 4928 476 5034 nomIna
494 4925 556 5027 qui
575 4926 717 5001 aerario
742 4926 878 5028 aliquid
906 4930 1064 5026 debent,
1094 4942 1308 5033 quaestores
1327 4935 1366 5010 in
1384 4934 1532 5012 tabulas
1550 4964 1606 5013 re·

226 5045 367 5142 ferunt,
399 5059 434 5122 et
462 5059 640 5148 quantum
668 5049 822 5152 quisque
851 5055 997 5132 debeat.
1041 5055 1082 5131 Si
1109 5059 1190 5158 quis
1216 5059 1329 5159 igitur
1354 5059 1603 5162 inscripserit,
