3436 5790
626 421 934 474 commarcarum
954 423 1008 475 su
1027 387 1107 478 tert.
1328 469 1332 476 .
1473 400 1550 481 m
1608 398 1678 503 ,ᾗ
1707 418 1713 431 “

237 608 304 686 111.
334 609 432 687 Tum
451 622 570 689 mater
587 622 623 689 et
641 614 704 711 qui
725 638 770 689 ex
790 614 902 715 stirpe
922 614 1135 690 maternain
1147 614 1259 692 domo
1280 607 1445 695 defuncti
1464 620 1550 717 sint,
1602 589 1617 615 ⁰¹

333 737 404 810 hoc
425 736 575 813 ordine:
1232 749 1236 759 '

380 861 412 936 1.
441 863 592 937 Fratres
613 885 814 962 eorumque
834 862 961 958 liberi,
1195 960 1200 969 .
1672 946 1678 963 ,

377 989 411 1060 2.
441 985 561 1063 Mater
581 998 617 1063 et
636 1010 719 1061 cum
738 986 862 1063 liberis
882 1015 1049 1066 sorores:
1079 1003 1163 1089 post
1182 992 1250 1069 hos
1267 1018 1396 1070 rursus
1414 1018 1460 1070 ex
1478 1016 1553 1071 avo

441 1113 572 1188 aviave
592 1111 769 1187 maternis
790 1112 952 1208 oriundi,
1340 1120 1347 1129 '

378 1238 412 1312 3.
442 1236 665 1314 Consobrini
683 1237 865 1337 liberique
885 1264 931 1317 ex
949 1239 993 1314 iis
1014 1244 1218 1342 procreati,
1239 1255 1276 1318 et

378 1362 413 1436 4.
444 1361 698 1440 consobrinae
718 1388 919 1464 earumque
938 1365 1054 1442 liberi.

234 1502 298 1581 lv.
329 1502 499 1606 Denique
536 1508 669 1602 ceteri,
708 1509 769 1608 qui
803 1510 842 1583 in
870 1508 1034 1586 defuncti
1071 1512 1187 1610 patris
1224 1507 1355 1603 domo,
1391 1513 1472 1589 sive
1509 1515 1548 1588 in

328 1629 490 1730 ipsius
518 1644 666 1728 gente
694 1635 778 1710 sint.
818 1634 932 1711 Primi
960 1637 1073 1734 igitur
1100 1636 1147 1711 ad
1176 1636 1449 1715 successionem
1480 1662 1546 1714 vo·
1679 1638 1684 1652 '

325 1768 476 1832 cantur:

379 1880 412 1956 1.
443 1884 473 1959 Ε
503 1883 614 1960 domo
650 1885 711 1960 avi
748 1887 914 1988 paterni,
954 1898 992 1961 et
1019 1887 1181 1986 primum
1210 1886 1361 1986 quidem
1388 1887 1437 1963 ab
1465 1888 1548 1987 ipso

440 2007 607 2084 oriundi:

440 2135 483 2224 a)
511 2134 649 2209 Fratris
668 2136 851 2212 sororisve
872 2160 1000 2238 nepos.
1037 2137 1184 2213 Deinde

436 2257 482 2349 b)
511 2258 614 2338 Avus
633 2271 670 2334 et
688 2269 863 2361 patruus,
884 2259 1043 2360 denique
1063 2289 1086 2338 a
1104 2287 1246 2362 proavo
1267 2262 1411 2338 oriundi
1525 2318 1529 2327 ·

440 2384 480 2474 c)
509 2383 665 2486 Propior
683 2383 854 2479 sobrino,
881 2398 917 2461 et
934 2388 1006 2487 ipsi
1145 2462 1149 2467 .
1575 2466 1592 2505 ι
1705 2436 1708 2443 ·

440 2507 484 2600 d.)
513 2508 693 2585 Sobrinus
713 2509 923 2587 sobrinave.
954 2510 1138 2607 Secundo,
1159 2512 1217 2588 his
1235 2512 1447 2608 exstinctis,
1466 2511 1549 2589 loco
1652 2530 1664 2567 ’-
1704 2498 1717 2549 ³

378 2637 411 2708 2.
442 2635 472 2710 E
493 2634 601 2711 domo
620 2636 725 2712 aviae
744 2647 922 2736 paternae
943 2637 1196 2714 eodemmodo
1207 2626 1362 2715 heredes
1374 2640 1544 2713 veniunt}
1671 2726 1685 2743 ⁴

439 2761 481 2850 a)
510 2760 651 2836 Fratris
669 2759 850 2837 sororisve
870 2786 1009 2862 nepos,

435 2886 482 2976 b)
510 2880 669 2962 Patruus
688 2898 726 2962 et
745 2887 845 2980 avia,

439 3013 480 3102 e)
510 3011 669 3113 Propior
687 3012 838 3089 sobrino
858 3024 896 3089 et

440 3135 484 3228 d)
513 3135 692 3215 Sobrinus
711 3140 919 3216 sobrinave.

270 3262 444 3340 Procedit
453 3264 565 3362 igitur
576 3275 680 3341 extra
695 3265 858 3342 defuncti
878 3265 1027 3341 domum
1046 3265 1231 3341 successio
1246 3263 1450 3340 secundum
1465 3260 1559 3362 stis-⁹
1581 3300 1584 3305 ·
1616 3264 1618 3268 ’

163 3412 249 3489 pem
269 3399 464 3490 paternam
482 3389 554 3480 ita,
585 3399 626 3463 ut
645 3388 692 3466 ad
712 3391 839 3467 matris
858 3399 896 3465 et
914 3389 1018 3465 aviae
1039 3399 1237 3491 paternae,
1258 3413 1339 3486 ⁴non
1358 3401 1483 3466 autem
1500 3388 1548 3466 ad
1683 3470 1704 3495 ι,

162 3516 223 3590 avi
242 3516 399 3591 materni
418 3513 569 3590 domum
595 3513 783 3591 hereditas
811 3511 1115 3592 transmittatur.“
1146 3513 1361 3591 Bunsen:
1389 3517 1446 3592 De
1458 3516 1545 3615 iure

163 3637 239 3717 her.
260 3639 392 3716 Athen.
413 3666 449 3741 p.
471 3638 640 3715 39-40.
1328 3654 1336 3663 ·’

271 3764 382 3866 Apud
401 3762 592 3842 Romanos
611 3765 868 3841 intestatorum
889 3764 1111 3843 hereditates
1129 3767 1214 3865 lege
1233 3765 1318 3842 XII.
1338 3765 1548 3843 tabulamm

162 3891 324 3991 primum
343 3891 389 3966 ad
412 3916 498 3966 suos
518 3890 674 3968 heredes
692 3892 888 3991 pertinent.
929 3891 993 3969 Sui
1018 3903 1145 3969 autem
1162 3888 1316 3968 heredes
1335 3891 1547 3968 existiman-

163 4027 222 4092 tur
242 4014 367 4108 liberi,
398 4015 460 4115 qui
480 4016 517 4093 in
537 4025 722 4117 potestate
741 4016 931 4092 morientis
951 4017 1123 4112 fuerunt,
1152 4015 1268 4093 veluti
1288 4012 1386 4090 filius
1407 4013 1545 4108 filiave,

96 4120 101 4127 ¹
163 4165 280 4243 nepos
299 4141 467 4241 neptisve
489 4166 508 4216 e
529 4138 624 4235 filio,
654 4167 844 4242 pronepos
871 4143 1110 4244 proneptisve
1139 4168 1159 4217 e
1187 4149 1325 4241 nepote
1354 4139 1431 4217 filio
1457 4150 1548 4217 nato

162 4277 367 4367 prognatus
388 4273 641 4367 prognatave:
671 4267 941 4360 recimerem,
971 4278 1097 4343 utrum
1125 4264 1311 4343 naturales
1339 4263 1414 4340 sint
1441 4260 1547 4340 liberi

162 4415 211 4467 an
229 4390 416 4492 adoptivi:
445 4393 497 4466 ita
516 4390 665 4467 demum
693 4404 817 4467 tamen
846 4417 962 4493 nepos
992 4392 1160 4492 neptisve
1190 4400 1228 4466 et
1258 4412 1444 4490 pronepos
1463 4414 1547 4490 pro-

162 4516 331 4615 neptisve
361 4541 512 4592 suorum
540 4515 718 4591 heredum
746 4540 900 4594 numero
929 4528 1036 4609 sunt,
1072 4518 1102 4592 si
1129 4513 1357 4618 praecedens
1386 4538 1549 4615 persona

162 4641 314 4718 desierit
341 4642 380 4716 in
408 4651 594 4741 potestate
623 4643 788 4742 parentis
814 4666 915 4737 esse,
944 4644 1025 4718 sive
1054 4653 1173 4717 morte
1191 4640 1230 4717 id
1249 4638 1441 4737 acciderit,
1469 4641 1548 4715 sive

162 4766 235 4843 alia
263 4767 426 4859 ratione,
458 4766 572 4842 veluti
602 4766 919 4869 emancipatione:
949 4791 1037 4844 nam
1064 4767 1189 4868 siper
1216 4760 1446 4866 idtempaa‚
1474 4787 1549 4864 quo

163 4893 244 4993 quis
263 4892 437 4985 moritur,
467 4889 564 4967 filius
592 4893 631 4967 in
660 4904 845 4994 potestate
870 4893 949 4992 ejus
970 4893 1038 4983 sit,
1066 4915 1185 4993 nepos
1204 4916 1252 4968 ex
1271 4917 1315 4967 eo
1335 4914 1422 4967 suna
1440 4886 1549 4964 heres
1613 4975 1616 4982 Ι
1688 4970 1694 4981 ,

163 5044 243 5096 esse
263 5043 338 5094 non
357 5029 492 5118 potest
531 5016 636 5097 Uxor
664 5042 832 5120 quoque,
859 5042 955 5119 quae
984 5018 1023 5093 in
1052 5040 1163 5096 manu
1192 5016 1383 5093 morientis
1411 5024 1487 5105 est,
1515 5013 1549 5090 ei

163 5169 231 5223 sua
249 5145 355 5223 heres
375 5155 450 5239 est,
469 5143 559 5245 quia
576 5141 674 5223 filiae
694 5143 777 5221 loco
797 5151 874 5239 est3
904 5142 994 5223 item
1012 5167 1149 5236 nurus,
1179 5162 1275 5242 quae
1293 5140 1339 5305 ir:
1352 5138 1417 5221 filii
1434 5163 1551 5221 manu
1679 5167 1692 5185 ·

1271 5263 1316 5332 39
