3404 5782
743 396 805 446 JUS
826 394 1037 447 PUBLICUM.

839 584 954 661 1027.

306 735 482 807 afa-atvar
513 725 582 803 τόν
611 724 680 818 τήν
707 725 870 827 πατρίδα
901 723 1133 827 προδιδόντα
1160 733 1230 802 καί
1259 725 1462 830 λόγονκαὶ
1489 729 1595 831 ἔργῳ

200 863 266 932 καί
281 861 383 955 χειρί
407 860 475 930 καί
501 851 628 954 ψήφῳ.
926 857 1108 957 (Lyeurg.
1130 858 1351 935 aLeoorat.
1373 855 1480 950 127.)

837 1037 951 1110 1027.

306 1182 487 1259 Occidere
518 1192 666 1284 oportet
694 1207 779 1256 eum
810 1183 872 1283 qui
901 1181 1061 1282 patriam
1098 1178 1306 1283 prodiderit
1343 1192 1379 1256 et
1406 1179 1526 1257 verbo
1556 1192 1595 1256 et

200 1335 312 1413 opere
334 1321 371 1384 et
390 1334 503 1384 manu
521 1320 559 1385 et
572 1308 726 1412 judicio.

842 1415 953 1490 ¹028.

301 1555 399 1634 Ἐάν
427 1588 481 1646 τις
510 1555 579 1648 τήν
609 1552 721 1632 πόλιν
741 1552 932 1656 προδιδῷ,
961 1561 1252 1655 κατακριθέντα
1271 1563 1313 1632 ἐν
1333 1551 1592 1654 δικαστηρίῳ,

201 1681 252 1762 δν
280 1684 564 1788 καταγνωσθῇ,
589 1681 643 1782 μή
670 1680 838 1778 ταφῆναι
858 1688 900 1758 ἐν
919 1681 963 1779 τῇ
979 1678 1163 1779 Ἀττικῇ,
1194 1678 1240 1756 τοί
1262 1679 1300 1756 δι’
1316 1678 1496 1780 χρήματα
1517 1676 1594 1757 αὐ-

200 1813 270 1888 τοι)
292 1807 452 1909 δημόσια
471 1807 581 1887 τίνοι.
774 1809 1021 1911 (Xenophon.
1042 1810 1125 1887 hist.
1146 1836 1269 1909 graec.
1290 1812 1318 1906 I,
1339 1809 1375 1906 7,
1396 1810 1481 1903 22.)

834 2008 947 2083 1028.

312 2153 352 2230 si
371 2155 453 2254 quis
474 2156 664 2230 civitatem
691 2151 917 2253 prodiderit,
947 2176 1060 2227 causa
1089 2178 1157 2253 pro
1186 2152 1361 2232 tribunali
1390 2154 1547 2250 cognita
1566 2156 1599 2229 si

202 2282 248 2356 sit
267 2279 483 2374 damnatuS,
504 2279 542 2354 in
562 2277 689 2355 Attica
706 2303 753 2354 ne
774 2277 994 2378 sepeliatur,
1024 2279 1126 2354 bona
1154 2305 1242 2353 vero
1272 2278 1388 2380 ipsius
1417 2279 1511 2354 fiseo
1532 2278 1598 2354 ad·

202 2406 384 2483 dicantur.

839 2510 951 2586 1029.

304 2651 402 2729 Ἐὰν
422 2645 515 2749 δόξῃ
534 2683 588 2738 τις
607 2648 789 2749 προδότης
806 2644 863 2726 δν
881 2657 924 2726 ἐν
941 2651 987 2747 τῇ
1002 2649 1111 2750 χώρᾳ
1132 2647 1337 2746 τετάφθαι,
1367 2650 1413 2726 τά
1435 2684 1476 2729 τε
1498 2650 1599 2729 ὀστᾶ

203 2776 327 2854 αὐτοῦ
357 2775 541 2875 ἀνορύξαι
563 2781 630 2850 καί
651 2780 817 2872 ἐξορίσαι
839 2777 909 2864 ἔξω
931 2775 993 2865 τῆς
1008 2773 1210 2866 Ἀττικῆς,
1240 2770 1340 2862 ὅπως
1360 2771 1410 2850 δν
1424 2776 1482 2874 μη
1504 2784 1600 2876 κε’ῃ-

203 2934 264 2978 ται
284 2912 327 2980 ἐν
346 2899 390 2997 τῇ
406 2899 516 2999 χώρᾳ
531 2897 625 2998 μηδὲ
644 2895 690 2972 τοὶ
711 2894 808 2972 ὀστᾶ
837 2898 908 2973 τοῦ
938 2897 1010 2989 την
1028 2898 1164 2996 χώραν
1182 2906 1251 2974 καί
1270 2896 1343 2990 την
1362 2897 1478 2976 πόλιν
1500 2933 1599 3002 προ-

206 3026 389 3113 διδόντος.
926 3029 1109 3129 (Lyourg.
1131 3055 1161 3104 o.
1182 3029 1351 3106 Leocrat.
1374 3029 1487 3123 113.)

843 3208 956 3284 1029.

310 3352 349 3428 Si
369 3362 552 3454 appareat
570 3352 751 3454 aliquem,
772 3378 887 3452 quum
905 3350 1073 3454 proditor
1094 3364 1211 3447 esset,
1231 3353 1270 3427 in
1290 3352 1416 3432 Attica
1435 3379 1521 3432 esse
1541 3385 1600 3433 se-

203 3480 368 3579 pultum,
396 3505 479 3554 ossa
507 3478 587 3578 ejus
610 3479 835 3555 effodiantur
857 3479 1224 3578 exterminenturque
1244 3491 1350 3556 extra
1368 3490 1511 3559 terram
1532 3484 1599 3563 At-

204 3604 335 3698 ticam,
366 3616 405 3679 ut
424 3631 471 3680 ne
491 3606 529 3679 in
549 3631 595 3681 ea
614 3606 767 3703 regione
787 3604 967 3681 recubent
986 3630 1032 3681 ne
1054 3632 1140 3681 ossa
1159 3605 1311 3704 quidem
1331 3606 1432 3707 ejua,
1454 3611 1520 3708 qui
1540 3637 1601 3688 re-

204 3729 355 3827 gionem
374 3742 411 3806 et
429 3730 617 3807 civitatem
637 3730 852 3831 prodiderit.

846 3909 959 3985 1030.

307 4047 497 4147 Ἐνόχοας
535 4048 633 4128 εἶναι
663 4051 708 4146 τῇ
738 4047 924 4150 προδοσία
955 4048 1045 4137 τούς
1074 4047 1291 4154 φεύγοντας
1319 4049 1389 4128 τόν
1416 4045 1518 4155 ὑπὲρ
1540 4059 1602 4148 τῆς

207 4178 387 4278 πατρίδος
406 4178 611 4255 κίνδυνον.
904 4183 1083 4284 (Lyeurg.
1106 4209 1136 4260 c.
1158 4184 1327 4260 Leocrat.
1348 4179 1381 4284 ξ.
1404 4185 1491 4277 53.)

843 4359 957 4435 1030.

313 4505 381 4580 Rei
401 4515 511 4581 sunto
531 4504 773 4606 proditioniS,
802 4505 833 4580 si
853 4504 915 4606 qui
934 4529 1002 4606 pro
1022 4507 1142 4607 patria
1161 4506 1284 4581 subire
1304 4506 1516 4607 perieulum
1537 4512 1602 4587 de·

206 4630 458 4709 treotaverint.

316 4880 368 4955 Εί
384 4910 437 4968 τις
457 4877 649 4978 φρούριόν
673 4911 709 4955 τι
738 4871 967 4980 προῦδωκεν
986 4873 1008 4970 ἢ
1028 4878 1130 4956 ναῦν
1151 4876 1173 4972 ἢ
1192 4877 1475 4980 στρατόπεδον,
1507 4891 1553 4960 ἑν
1574 4876 1605 4986 ᾧ

203 5037 317 5107 μερος
352 5037 388 5081 τι
426 5001 615 5110 ἐτύγχανε
652 5006 730 5083 τῶν
772 5006 939 5083 πολιτῶν
981 5001 1051 5095 δν,
1099 5017 1179 5094 ταῖς
1215 5004 1396 5102 ἐσχάταις
1446 5015 1604 5107 ζημίαις

209 5131 453 5235 ζημιοῦσθαι·
888 5135 1055 5236 (Lysias.
1076 5135 1157 5211 adv.
1178 5133 1322 5210 Philon.
1343 5129 1377 5234 ξ.
1399 5135 1490 5229 26.)
