3436 5790
410 393 719 444 counrasrnruus
744 394 792 441 so
814 386 893 441 128³.
914 388 997 445 rasa
1019 383 1199 444 assaraco.
1221 381 1300 441 rasa.
1473 363 1552 438 593

735 577 811 659 Ad
827 578 972 659 1283.

267 744 622 820 Hieromnsmonem
642 742 831 844 publicum
850 742 963 817 fuisse
987 743 1246 840 magistratum
1264 753 1369 842 patet
1387 767 1433 818 ex
1448 741 1549 842 jure·

154 869 318 970 jurando
339 868 595 947 Heliastarum.
626 868 723 944 Vide
745 864 778 968 ξ.
801 868 889 944 562.

736 1078 812 1162 Aa
832 1080 977 1161 1284.

268 1244 424 1323 Athenis
444 1257 542 1321 sorte
561 1245 794 1342 legebantur,
815 1257 856 1320 ut
874 1245 1012 1321 docent
1029 1244 1291 1345 Aristophanis
1312 1245 1440 1322 Nubes
1462 1243 1551 1318 623.

162 1397 197 1443 v.
236 1361 331 1441 ἀνθ’
368 1357 425 1442 ὧν
452 1365 622 1464 λαχών
654 1360 888 1465 Ὑπέρβολος
924 1365 1030 1457 τῆτες
1068 1364 1548 1464 ἱερομνημονεύειν.

161 1495 323 1587 (Idcirco
343 1496 413 1571 hoc
432 1523 531 1573 anno
551 1508 686 1574 sorte
715 1496 825 1573 ducto
845 1496 892 1572 ad
912 1493 1233 1598 Amphictyonum
1251 1508 1480 1573 conventum
1498 1495 1550 1570 le·

128 1604 130 1608 ⁵
161 1633 249 1720 gato
269 1622 525 1722 Hyperbolo.)

734 1724 812 1807 Ad
829 1726 973 1807 1280.

268 1874 461 1950 Demosth.
481 1901 549 1974 pro
569 1873 738 1969 Corona,
758 1875 856 1948 272:
886 1874 1012 1966 Quum
1037 1874 1199 1974 populus
1227 1873 1429 1975 aliquando
1445 1875 1550 1950 >ele-

161 1999 209 2096 gi
220 2025 237 2074 s
248 2027 265 2074 s
276 2010 322 2074 et
350 1998 577 2076 Aeschinem
595 2014 795 2100 patronum
815 1993 1046 2093 (σύνδικον)
1068 1998 1115 2074 de
1133 2000 1220 2076 Deli
1238 1999 1378 2102 templo
1395 2000 1443 2077 ad
1462 1999 1551 2080 Am·

131 2216 133 2219 v
161 2123 400 2224 phictyones,
439 2153 508 2202 nos
535 2127 574 2202 in
602 2152 778 2202 consessu
801 2126 1053 2228 judicavimus
1082 2125 1315 2226 Hyperidem
1343 2125 1553 2226 digniorem

162 2269 263 2345 esse,
284 2251 347 2352 qui
366 2279 433 2353 pro
454 2254 603 2328 civitate
624 2253 782 2347 diceret,
813 2265 849 2327 et
865 2252 998 2328 missus
1019 2263 1075 2326 est
1095 2251 1319 2352 Hyperides.

268 2376 517 2478 Harpocratio
535 2379 574 2453 in
595 2372 728 2450 Πύλαι
739 2407 751 2449 .·
775 2371 1019 2474 Ἐπέμνιοντο
1049 2381 1095 2450 ἐκ
1118 2373 1197 2449 τῶν
1217 2371 1366 2449 πόλεων
1385 2371 1464 2450 τῶν
1478 2403 1552 2470 με·

162 2496 361 2595 τυχουσῶν
379 2499 443 2591 τῆς
466 2496 781 2599 Ἀμφικτυονίας
807 2531 906 2588 τινες
935 2506 1042 2600 οἵπερ
1072 2500 1289 2576 ἐκαλοῦντο
1309 2495 1551 2602 Πυλαγόροι

163 2628 430 2719 (Mittebantur
458 2655 477 2704 e
507 2631 712 2726 civatibus,
742 2658 835 2734 quae
865 2633 1068 2736 participes
1097 2642 1203 2706 erant
1227 2628 1551 2730 Amphictyonas,

162 2753 311 2852 quidam
330 2755 393 2853 qui
412 2755 625 2852 Pylagorae
645 2756 908 2847 vocabantur.)

270 2879 360 2955 Lex.
381 2876 535 2977 Seguer.
556 2907 592 2981 p.
613 2880 711 2956 297:
740 2874 888 2972 ἐκλήθη
908 2876 947 2952 δὲ
967 2874 1187 2982 πυλαγόρας
1206 2871 1308 2977 παρὰ
1328 2870 1373 2950 τὸ
1394 2880 1454 2951 dns*
1475 2904 1550 2951 πυ-

161 3003 253 3101 λαλᾳ
284 2998 497 3104 ἀγορεύειν.
541 3007 703 3078 Πυλαία
735 3003 768 3078 δ’
789 3010 866 3080 ἐστὶ
895 3001 939 3080 τὸ
964 2998 1313 3101 Ἀμφικτυονικόν
1340 2999 1553 3100 συνέδριον.

162 3130 400 3224 (Vocabatur
418 3143 544 3209 autem
559 3132 768 3233 Pytagcras
786 3133 835 3207 ab
856 3160 912 3229 eo,
931 3134 1032 3233 quod
1051 3134 1098 3208 ad
1118 3134 1298 3236 Pylaeam
1315 3132 1434 3209 verba
1452 3131 1550 3208 fece·

163 3257 221 3331 rit
250 3255 389 3358 Pylaea
407 3283 496 3334 vero
517 3270 573 3333 est
592 3256 947 3359 Amphictyonicum
966 3259 1195 3350 concilium.)

739 3467 815 3551 Aa
832 3469 976 3551 1200.

270 3633 410 3710 Confer
448 3636 558 3711 etiam
600 3637 883 3738 inscriptionem
929 3636 1122 3712 marmoris
1160 3634 1414 3711 Ohoiseuliani
1452 3632 1555 3736 apud

164 3758 466 3835 Boeckhium
487 3763 515 3838 Ι.
535 3761 598 3837 Nr.
622 3761 745 3858 16885
774 3776 811 3838 et
829 3763 1112 3862 inscriptionem
1132 3761 1169 3834 in
1190 3761 1357 3862 ejusdem
1376 3759 1551 3836 Oecon.

164 3886 293 3985 publ.
325 3885 428 3965 Ath.
458 3887 565 3965 Tom.
586 3889 633 3967 II.
654 3919 690 3991 p.
715 3891 812 3966 104,

739 4100 815 4184 Ad
831 4101 976 4183 1202.
1097 4183 1100 4189 .

271 4261 456 4360 Regresso
485 4264 636 4342 Thebas
666 4292 752 4341 cum
787 4267 903 4367 copiis
933 4265 1161 4357 Mardonio,
1200 4289 1315 4364 quum
1341 4262 1381 4338 in
1411 4262 1554 4340 Isthmo

165 4386 302 4464 Graeci
321 4391 607 4484 convenissent,
639 4392 820 4468 universis
843 4390 1086 4492 jurejurando
1111 4415 1151 4466 se
1171 4389 1218 4464 ad
1238 4389 1309 4464 hoc
1328 4387 1467 4464 bellum
1487 4390 1552 4466 ob·

164 4514 349 4612 stringere
378 4514 528 4614 placuit
567 4519 746 4594 Formula
767 4517 1011 4618 jurisjurandi
1039 4517 1133 4592 haec
1161 4529 1259 4591 erat:
1296 4513 1449 4611 „Vitam
1477 4506 1554 4588 non

163 4638 282 4738 pluris
302 4638 435 4714 faciam
455 4642 648 4735 libertate;
678 4643 809 4738 duces,
839 4669 905 4718 seu
928 4644 1059 4718 vivant
1077 4667 1143 4718 seu
1163 4651 1363 4744 oppetant,
1393 4667 1469 4716 non
1490 4638 1554 4713 de-

164 4788 304 4859 seram,
332 4764 398 4838 sed
419 4777 456 4841 et
474 4768 595 4844 socios
615 4769 653 4844 in
674 4794 802 4868 pugna
820 4793 968 4862 caesos,
999 4778 1182 4867 quotquot
1200 4766 1358 4860 fuerint,
1388 4763 1553 4865 sepultu-

164 4916 227 4967 rae
247 4887 412 4984 tradam;
442 4892 633 4968 victoriam
661 4894 732 4970 hoc
759 4893 859 4969 bello
884 4893 930 4968 de
957 4891 1127 4968 barbaris
1146 4891 1303 4994 adeptus
1323 4892 1455 4967 urbem
1472 4888 1554 4963 nul·

163 5013 238 5091 lam
256 5015 468 5091 certaminis
487 5017 708 5119 participem
725 5031 914 5114 evertam,
939 5017 1084 5094 nullum
1103 5017 1147 5092 de
1168 5018 1312 5114 templis
1332 5014 1499 5091 accensis
1519 5024 1557 5086 et

165 5139 296 5218 dirutis
313 5141 544 5252 instaurabo,
572 5143 639 5222 sed
658 5157 941 5224 monumentum
958 5144 1116 5247 posteris
1135 5143 1381 5221 barbarorum·
1397 5142 1470 5217 hoc
1486 5139 1555 5215 im·

1300 5264 1343 5330 38
