3436 5790
670 432 808 491 sovana
826 434 1065 491 sacnonrns.
1511 417 1561 522 ⁵3.

165 638 447 736 impraegnatus
466 656 506 711 se
526 655 608 709 esse
628 631 766 708 dicunt.
807 629 907 704 Tum
925 624 973 705 'et
1002 629 1256 731 orphanorum
1275 630 1408 708 domus
1427 631 1558 707 elocat.

165 761 239 840 Hic
256 750 614 860 autem'sponymus
632 755 866 858 cognominis
885 764 953 852 est,
973 767 1011 834 et
1029 758 1078 836 ab
1099 783 1143 835 co
1160 769 1310 861 tempus
1331 768 1559 838 numeratur.

266 1039 396 1120 Ὅταν
407 1046 527 1141 χοροί
547 920 964 1148 ἀγωνίζωνταιῗῖθλα
983 1032 1005 1115 ὁ
1026 1034 1163 1140 οἷ’ρχων
1182 1045 1397 1140 προτίθησι.

886 1167 1133 1272 (Xenophon.
1152 1168 1270 1246 Hiero
1289 1168 1357 1264 IX,
1378 1171 1449 1267 4.).

815 1292 905 1369 201.

273 1423 401 1519 Quum
418 1418 520 1498 chori
540 1419 751 1514 decertant,
776 1418 944 1521 praemia
961 1415 1102 1495 archon
1120 1420 1306 1523 proponit.

815 1581 904 1657 202.

266 1699 319 1780 Ὀ
347 1700 385 1779 δι’
412 1702 592 1803 βασιλεύς
615 1705 837 1803 μυστηρίων
864 1709 1070 1802 προέστηκε
1089 1701 1189 1802 μετὰ
1216 1702 1296 1778 τῶν
1322 1702 1558 1804 ἐπιμελητῶν

165 1836 235 1903 καὶ
255 1832 455 1919 Ληναίων,
476 1834 546 1904 καὶ
566 1825 729 1934 ἀγώνων
746 1826 827 1903 τῶν
845 1834 905 1905 ε’πί
926 1825 1116 1927 λαμπάδι·
1136 1833 1206 1903 καί
1224 1825 1272 1902 τοὶ
1293 1835 1376 1928 περὶ
1394 1826 1462 1915 τοὶς
1481 1857 1556 1903 πα-

164 1958 295 2052 τρίους
324 1958 464 2042 θυσίας
493 1953 652 2029 διοικεῖ·
683 1952 935 2059 προαγορεύει
963 1955 1001 2031 δι’
1030 1965 1110 2042 τοῖς
1139 1961 1183 2030 ἐν
1212 1957 1320 2052 αἰτίᾳ
1344 1949 1556 2049 ἀπέχεσθαι

160 2083 383 2178 μυστηρίων
408 2087 478 2155 καί
497 2061 577 2155 ταῖν
596 2073 727 2157 ἄλλων
743 2082 932 2179 νομίμων.
1052 2083 1208 2176 (Pollux
1227 2081 1332 2176 VIII,
1352 2084 1448 2175 90..)

816 2225 904 2300 202.

271 2352 352 2427 Rex
372 2351 557 2452 mysteriis
576 2361 729 2450 praeest
757 2376 842 2424 cum
871 2348 1104 2425 curatoribus
1129 2375 1278 2439 eorum,
1308 2351 1398 2423 item
1416 2349 1554 2427 Bacchi

162 2478 266 2552 festis
296 2487 334 2551 et
361 2476 605 2550 certaminum
633 2473 854 2575 Lampadis;
884 2483 921 2549 et
948 2474 1069 2574 patria
1097 2473 1330 2548 administrat
1357 2475 1549 2550 sacrificia.

165 2600 367 2680 Accusatis'
378 2626 491 2701 porro
509 2598 719 2691 interdicit,
749 2624 772 2672 a
799 2599 984 2699 mysteriis
1005 2606 1042 2673 et
1060 2595 1140 2672 aliis
1158 2597 1334 2696 legitimis
1354 2598 1553 2674 abstinere.

812 2759 901 2834 203.

271 2887 471 2982 Προσιέτω
491 2874 513 2960 ὁ
533 2880 713 2980 βασιλευς
743 2887 826 2980 περὶ
850 2882 927 2955 τῶν
957 2885 1217 2985 γεγενημένων
1240 2876 1428 2957 Ἐλευσῖνι
1450 2881 1553 2957 nard

163 3007 233 3100 την
250 3005 404 3098 τελετὴν
423 2998 515 3107 πρός
532 3004 605 3083 τού
611 3040 627 3095 ς
647 3005 855 3107 πρυτάνεις.

812 3135 1014 3231 (Andocid.
1035 3134 1081 3211 de
1100 3144 1248 3236 myster.
1268 3130 1300 3236 ξ.
1326 3136 1444 3230 ill).

727 3303 730 3312 ·
764 3346 767 3357 .
812 3280 901 3354 203.

271 3405 392 3482 Adeat
420 3432 485 3481 rex
513 3407 560 3481 ad
591 3419 769 3507 prytanes
799 3406 844 3482 de
873 3405 1080 3480 commissis
1102 3405 1141 3479 in
1163 3405 1437 3482 Eleusiniorum
1456 3406 1551 3483 festo

161 3533 356 3609 relaturus.

810 3637 897 3711 204.

269 3748 460 3849 Βασιλευς
491 3760 664 3853 θυσιαζει
693 3766 761 3853 καί
791 3755 909 3856 εὐχὰς
938 3750 1094 3857 εὔχεται
1120 3757 1222 3834 κατὰ
1247 3757 1294 3833 τοὶ
1315 3758 1473 3860 πάτρια,
1502 3758 1549 3833 τοὶ

155 3890 230 3984 μὲν
249 3893 293 3961 ἐν
310 3881 632 3985 τρῖἘλευσινίιρ,
653 3881 699 3958 τὰ
721 3882 758 3958 δὲ
780 3891 822 3959 ε’·-ν
840 3883 896 3985 τρῖ
909 3880 1099 3958 Ἐλευσῖνι
1121 3883 1230 3984 ίερρῖ,
1251 3884 1402 3975 καὶτῆς
1423 3885 1550 3990 ἑορτῆς

160 4015 390 4110 ἐπιμελεῖται
416 4013 658 4108 μυστηρίοις,
688 4003 787 4096 ὅπως
816 4003 869 4083 ota
894 4004 1025 4108 μηδείς
1055 4003 1171 4105 ἀδικῇ
1198 4007 1292 4107 μηδὲ
1322 4006 1441 4110 ἀσεβῇ
1467 4019 1547 4109 περί

159 4136 206 4213 τοὶ
225 4135 317 4236 ἱερά.
393 4158 396 4167 “
446 4188 449 4194 -
654 4137 815 4238 (Lysias.
837 4164 867 4214 c.
890 4136 1069 4218 Andocid.
1090 4138 1137 4214 de
1156 4138 1293 4238 impiet.
1316 4133 1349 4238 §.
1372 4138 1440 4233 4.).

809 4301 898 4377 204.
917 4346 921 4355 ·

265 4428 349 4504 Rex
367 4452 474 4502 sacra
493 4427 583 4502 facit
602 4439 640 4503 et
659 4438 749 4500 vota
767 4427 950 4527 persolvit
969 4451 1071 4502 more
1090 4426 1212 4526 patrio
1224 4483 1232 4512 ,
1246 4520 1247 4525 ¹
1262 4428 1401 4527 partim
1418 4429 1458 4505 in
1478 4428 1546 4504 Ce-

159 4540 250 4630 reris
269 4552 427 4647 sacello,
446 4552 639 4653 partimin
659 4552 798 4667 templo
818 4550 917 4651 quod
938 4564 994 4626 est
1013 4550 1210 4644 Eleusine,
1237 4550 1410 4654 idemque
1429 4555 1468 4629 in
1488 4553 1547 4630 die

159 4681 258 4756 festo
277 4675 542 4797 mypterioyym
561 4702 689 4754 curam
702 4662 899 4771 =sacrorum
917 4679 1029 4778 gerit,
1047 4701 1093 4752 ne
1111 4678 1195 4776 quis
1214 4679 1253 4753 in
1272 4678 1326 4753 eis
1346 4678 1546 4778 delinquat,

159 4815 223 4880 aut
241 4801 356 4903 impie
375 4828 415 4881 se
434 4812 550 4900 gerat.

808 4904 895 4984 20οἑ

244 5031 351 5127 illio
369 5035 530 5132 βασιλέα
557 5026 579 5109 ei
610 5034 728 5132 δῆμος
744 5035 913 5131 ,αἱρεῖται
939 5040 985 5108 ἐκ
1005 5039 1224 5131 προκρίτων
1242 5039 1334 5106 κατ’Δ
1348 5029 1544 5135 ἀνδραγα-

163 5164 259 5235 θίαν
271 5159 522 5262 χειροτονῶν.
848 5163 1058 5262 (Demosth.
1079 5165 1118 5240 in
1131 5163 1271 5245 ‘Nesca
1296 5160 1442 5256 loto),
