3436 5790
168 346 245 420 538
501 371 809 422 counsnrnnros
833 369 882 418 ,1ο
902 367 965 421 au.
986 368 1049 423 916.
1069 370 1132 425 aaa.
1153 370 1216 422 92⁷.

273 721 470 797 suidas:
500 715 879 820 διαγράμματα·
910 712 1007 791 ὅταν
1034 715 1216 813 εἰσφοράς
1246 713 1413 806 δεήσειεν
1436 722 1490 805 εἰς
1510 716 1554 792 τὸ

164 840 327 931 κοινὸν,
349 847 517 941 πολέμου
536 835 671 932 ὄντος,
692 839 735 917 τά
758 838 908 941 ἑκάστῳ
927 840 1239 946 ἐπιγραφόμενον
1258 837 1449 944 ἀργύριον
1467 841 1555 917 διά-

164 995 320 1072 λθαμμα
342 973 527 1046 καλεῖται.
569 971 687 1064 (Cum
714 981 884 1073 tempore
912 970 1001 1047 belli
1029 973 1169 1047 tributo
1188 971 1227 1045 in
1246 995 1445 1046 commune
1477 973 1554 1046 col-

163 1095 238 1172 lato
259 1122 354 1195 opus
373 1108 472 1189 erat,
502 1095 624 1196 portio
644 1095 822 1194 pecuniae
852 1097 1009 1194 singulis
1038 1098 1227 1194 assignata
1245 1089 1469 1196 διάγραμμα
1489 1123 1555 1172 vo.

164 1223 351 1314 cubator.)

272 1344 330 1425 Of.
351 1345 489 1422 Loxioa
507 1345 660 1442 Seguer.
680 1373 716 1446 p.
737 1345 815 1420 236
836 1355 873 1420 et
892 1344 980 1421 241.

753 1554 830 1639 Ad
859 1557 964 1640 010.

271 1723 476 1799 Universos
492 1725 704 1823 'proventus
734 1733 925 1798 enumerat
944 1721 1216 1821 Aristophanes
1233 1722 1273 1796 in
1293 1722 1429 1823 Vespis
1449 1725 1552 1818 (655

167 1848 336 1939 --660):
361 1840 575 1941 Ἀκρὸασαι
604 1839 675 1917 τὸν
703 1840 829 1941 φόρον
857 1834 951 1940 ἡμῖν
970 1839 1047 1917 άπὸ
1066 1840 1144 1917 τῶν
1163 1839 1312 1919 πόλεων
1331 1841 1554 1943 συλλήβδην

163 1965 234 2043 τὸν
253 1966 480 2064 προσιόντα·
501 1960 608 2057 κάξω
628 1965 772 2042 τούτου
791 1964 836 2042 τά
858 1972 942 2057 τέλη
956 1972 1096 2066 χωρὶς,
1117 1971 1186 2041 καὶ
1205 1963 1272 2053 τάς
1292 1966 1435 2055 πολλάς
1456 1974 1552 2044 ἑκα-

163 2089 319 2180 τοστάς,
348 2102 576 2192 πρυτανεῖα,
602 2096 772 2189 μέταλλ’,
801 2089 967 2195 ἀγοράς,
997 2095 1172 2188 λιμένας,
1198 2091 1371 2189 μισθούς
1390 2100 1460 2168 καὶ
1484 2092 1551 2184 δη-

158 2216 361 2316 μιόπρατα.
411 2215 571 2295 Τούτων
607 2216 787 2318 πλήρωμα
824 2215 980 2294 τάλαντ’
1018 2215 1133 2322 ἑγγάς
1171 2216 1341 2314 δισχίλια
1377 2221 1552 2323 γίγνεται

164 2336 264 2442 ἡμῖν.
302 2346 502 2452 (Ausculta
529 2346 669 2424 tributa
695 2347 888 2439 universa,
919 2374 1013 2447 quae
1042 2348 1091 2423 ab
1119 2348 1276 2424 urbibus
1293 2348 1402 2425 nobis
1422 2349 1550 2424 conse-

161 2487 312 2566 runtur3
340 2486 531 2573 praetcrea
558 2473 758 2572 vectigalia
785 2499 972 2567 seorsum,
1003 2485 1042 2549 et
1060 2473 1194 2549 multas
1218 2472 1458 2566 centesimas,
1489 2500 1547 2548 sa·

162 2609 369 2695 eramenta,
399 2599 568 2691 metalla,
597 2598 697 2690 fora,
728 2611 877 2700 portus,
896 2597 1107 2692 mercedes,
1127 2597 1412 2699 publicationes.
1449 2598 1545 2675 Isto-

160 2748 240 2800 rum
257 2723 443 2802 redituum
462 2749 607 2801 summa
625 2733 682 2798 est
700 2723 848 2801 circiter
867 2723 924 2799 bis
944 2723 1045 2799 mille
1065 2722 1240 2814 talenta)

749 2931 825 3016 Au
846 2932 961 3016 02³.

268 3097 346 3173 Sub
367 3097 485 3174 Callia
504 3098 702 3193 archonte,
731 3124 830 3176 anno
859 3099 937 3172 406
957 3127 989 3177 a.
1010 3099 1077 3176 Oh.
1108 3099 1249 3200 placuit
1277 3098 1416 3200 populo
1441 3108 1483 3171 ut
1503 3122 1551 3174 ex

161 3248 237 3301 una
256 3224 354 3300 tribu
373 3221 453 3297 bini
472 3222 624 3321 choragi
642 3224 910 3324 Dionysiorum
937 3223 1041 3300 festis
1072 3236 1243 3327 sumptus
1271 3223 1550 3323 tragoediarum

161 3359 199 3422 et
235 3345 513 3424 comoediarum
549 3349 841 3452 suppeditarent.
889 3350 976 3426 Non
1005 3349 1122 3426 multo
1150 3376 1239 3425 vero
1268 3360 1354 3449 post
1380 3345 1550 3424 Oinesias

161 3472 356 3571 choregias
384 3499 536 3576 prorsus
564 3473 722 3551 sustulit.
761 3473 872 3550 Unde
891 3473 1041 3552 Strattis
1068 3476 1108 3550 in
1135 3474 1265 3554 fabula
1283 3500 1395 3573 quam
1416 3481 1550 3547 contra

161 3624 246 3673 eum
265 3597 431 3699 scripsit,
457 3598 646 3675 Oinesiam
664 3598 768 3674 chori
786 3600 1060 3675 interfectorem
1079 3597 1256 3702 appellat.
1285 3596 1466 3695 (Schol.
1487 3596 1546 3674 ad

162 3723 482 3824 Aristophan.
511 3723 622 3799 Rau.
653 3724 763 3816 404.)

268 3850 359 3926 Post
378 3849 536 3927 Calliam
564 3846 780 3923 archontem
809 3847 902 3924 duos
931 3849 1044 3924 fuisse
1065 3875 1111 3925 es
1129 3874 1205 3924 una
1223 3847 1323 3923 tribu
1341 3848 1547 3945 chorcgos,

164 3974 273 4049 docet
291 3976 403 4051 etiam
422 3976 613 4076 inscriptio
633 3974 745 4050 haec:
766 3978 1026 4070 Μνησίμαχος
1051 3970 1345 4072 Μνησιστράτου
1368 3966 1550 4069 Θεότιμος

163 4099 350 4192 Διοτίμου
373 4093 706 4201 Ἐχορὴγουν,
741 4127 852 4199 quam
879 4101 953 4176 luci
981 4100 1152 4200 publicae
1182 4102 1285 4177 dedit
1325 4097 1549 4175 Pittakis

160 4225 200 4296 in
220 4248 287 4297 suo
304 4223 399 4302 libro
430 4226 712 4302 Anoiennes
743 4227 962 4303 Athenes
990 4253 1077 4327 pag.
1101 4227 1186 4300 113.

750 4436 826 4521 Ad
845 4439 961 4520 027.

270 4583 515 4685 Anonymi
553 4612 730 4684 argum.
768 4587 816 4662 in
852 4587 1100 4662 Demosth.
1139 4584 1335 4661 Midian.
1378 4615 1413 4688 p.
1444 4587 1547 4661 510:

162 4709 275 4785 Moris
295 4723 392 4801 erat,
419 4722 461 4784 ut
479 4711 620 4787 archon
639 4739 714 4788 uno
743 4738 871 4788 mense
899 4725 986 4788 ante
1015 4712 1170 4802 festum,
1199 4712 1365 4786 omnium
1383 4713 1547 4788 tribuum

162 4834 333 4931 choragis
352 4839 588 4934 convocatis,
614 4837 786 4914 tibicines
804 4839 927 4915 sortiri
939 4837 1100 4936 juberet.

270 4961 333 5034 Lis
352 4959 396 5034 de
417 4988 481 5050 eo,
511 4962 682 5061 quisnam
710 4964 845 5039 debeat
871 4963 1023 5060 choragi
1051 4988 1184 5037 munus
1202 4962 1318 5055 obire,
1338 4963 1548 5041 vocabatur

163 5080 395 5159 διαδικασία.
425 5087 610 5178 (schol.
638 5090 684 5163 in
712 5090 958 5166 Demosth.
978 5088 1170 5190 Leptin.
1191 5089 1281 5183 502,
1300 5088 1357 5182 3.)
