3404 5782
161 412 241 490 990
710 436 1000 494 sasnuamoon.

806 631 895 708 909.
996 690 999 695 .

267 749 564 830 Πιντεκαίδεκα
582 750 781 830 ταλάντων
798 750 1074 852 τρία’τάλαντα
1093 759 1246 855 τίμημα.

764 883 1028 974 (Demosthen.
1047 885 1085 959 in
1105 882 1252 985 Aphob.
1272 883 1300 959 1.
1320 880 1433 970 815.)

808 1047 897 1125 909.

265 1167 484 1265 Quindecim
503 1169 729 1252 talentorum
746 1195 881 1248 census
902 1171 1015 1248 efficit
1032 1170 1104 1247 tria
1121 1169 1273 1248 talenta.

807 1333 896 1409 910.

266 1452 464 1554 Προσὴκει
482 1454 540 1554 τῷ
558 1452 686 1554 δούλῳ
705 1451 749 1530 τὸ
770 1460 887 1531 ίκτον
900 1461 1014 1557 μέρος
1033 1457 1220 1551 εἰσφέρειν
1233 1447 1330 1550 μετά
1350 1451 1429 1528 τῶν
1442 1481 1538 1549 μετ-

157 1585 292 1660 οίκων.
473 1583 681 1677 (Demosth.
701 1607 732 1658 o.
753 1581 972 1661 Androtion.
993 1582 1081 1657 619.
1110 1581 1189 1658 Lex
1208 1576 1434 1672 Nausinici.)

264 1851 402 1929 Servus
435 1877 454 1927 e
483 1861 589 1928 sexta
617 1862 723 1953 parte
752 1743 936 1929 οοδάίλλαι
965 1849 1076 1928 debet
1107 1849 1344 1927 contribuere
1372 1873 1460 1926 cnm
1483 1849 1538 1926 in·

157 1978 318 2076 quilinis.

802 2084 892 2161 911.

262 2194 365 2269 Δέκα
385 2185 516 2266 οὐσῶν
533 2188 691 2286 φυλῶν,
721 2186 861 2282 ἑκάστη
889 2185 991 2285 φυλὴ
1022 2186 1276 2290 προβάλλεται
1304 2185 1397 2276 τούς
1415 2192 1537 2262 πλου-

155 2320 352 2416 σιωτέρους
371 2311 509 2407 αὐτῆς,
538 2310 682 2391 ἑκατὸν
710 2313 861 2391 εἴκοσιν
888 2305 1039 2413 ἄνδρας.
1077 2309 1172 2388 Εἶτα
1201 2316 1238 2388 οὶ
1264 2308 1409 2389 ἑκατὸν
1427 2312 1538 2389 εἴκο-

90 2498 97 2505 .
155 2467 219 2516 σιν
237 2431 347 2517 οὗτοι
362 2445 587 2541 μερίζουσιν
606 2437 767 2527 λαυτοάς
786 2444 839 2527 εἰς
865 2437 937 2516 δύο
961 2436 1139 2538 μερίδας·
1168 2442 1234 2515 ἵνα
1254 2435 1444 2531 ἑξήκοντα
1463 2433 1537 2513 αά-

153 2563 232 2642 τῶν
250 2559 386 2665 ἄνδρες
405 2569 558 2642 ἔσονται
584 2568 620 2640 οί
649 2564 752 2646 πάνυ
780 2564 980 2655 πλούσιοι,
1010 2569 1046 2641 οὶ
1066 2564 1104 2641 δὲ
1125 2559 1238 2642 ἄλλοι
1258 2560 1449 2656 ἑξήκοντα
1471 2552 1537 2655 ἧτ-

154 2720 225 2766 τον
252 2690 440 2770 πλούσιοι.
489 2695 718 2788 Είσιμέρουσι
748 2689 786 2766 δὲ
820 2693 856 2765 oi
891 2688 1159 2791 πλουσιώτεροι
1188 2684 1283 2791 ὑπὲρ
1311 2689 1392 2766 τῶν
1419 2679 1536 2781 ἧττον

154 2820 350 2892 πλουσίων
368 2821 437 2892 καί
457 2814 695 2913 προτελοῡσι,
715 2820 784 2890 καί
805 2813 981 2912 δέχονται
1002 2814 1122 2892 ταῦτα
1142 2809 1303 2915 ὕστερον
1317 2811 1421 2890 κατά
1441 2841 1535 2913 σχο-

154 2939 232 3031 λήν.
266 2947 431 3053 ΙΛέγεται
460 2938 498 3016 δὲ
526 2936 572 3015 τὸ
601 2937 770 3042 σύστημα
799 2936 955 3031 αὐτῶν,
983 2941 1062 3016 τῶν
1090 2939 1298 3032 ἑξήκοντα,
1328 2944 1534 3042 συμμορία.

589 3068 731 3162 (Schol.
750 3070 789 3145 in
808 3071 1000 3149 Demosth.
1022 3071 1172 3172 Olynth.
1192 3071 1240 3164 11,
1260 3069 1322 3167 27,
1343 3051 1429 3163 21.)

261 3337 384 3430 Quum
412 3335 544 3414 decem
571 3338 645 3415 sint
663 3231 1020 3441 tiibus‚9{1i1aelibet
1039 3339 1211 3440 designat
1229 3337 1452 3436 ditissimos,
1481 3339 1532 3414 vi-

151 3488 211 3536 ros
240 3473 390 3537 centum
420 3474 457 3538 et
486 3463 631 3562 viginti.
669 3463 815 3541 Deinde
844 3465 882 3539 hi
911 3475 1060 3540 centum
1088 3465 1222 3563 viginti
1250 3465 1469 3542 dividuntur
1496 3466 1533 3538 in

151 3589 244 3662 duas
264 3599 410 3687 partes,
439 3588 554 3663 itaut
581 3590 778 3686 sexaginta
806 3614 934 3666 eorum
963 3591 1038 3665 sint
1061 3589 1309 3687 editissimis,
1337 3591 1401 3666 alii
1430 3616 1532 3668 sexa-

150 3712 257 3808 ginta
275 3737 364 3786 vero
384 3737 404 3788 e
423 3715 548 3789 minus'
567 3713 754 3790 divitibus.
783 3715 946 3791 Ditiones
964 3727 1089 3792 autem
1107 3717 1307 3792 conferunt
1324 3743 1394 3818 pro
1412 3717 1531 3793 minus

115 3927 118 3932 Ι
150 3837 329 3913 divitibus
348 3847 385 3912 et
404 3838 606 3938 pecunium
624 3851 927 3940 repraesentant,
955 3865 1065 3938 quam
1084 3841 1239 3937 deinde,
1260 3843 1291 3918 si
1310 3843 1460 3941 occasio
1478 3853 1530 3918 tu·

149 3962 253 4056 lenit,
274 3963 322 4037 ab
341 3962 386 4037 iis
406 3958 590 4059 redigunt.
628 3965 774 4050 Dicitur
802 3992 890 4045 uero
919 3965 1011 4042 haec
1038 3968 1235 4064 sexaginta
1252 3969 1419 4046 virorum
1437 3967 1530 4045 ordi-

149 4089 250 4164 natio
269 4089 483 4188 symmoria.

801 4199 888 4272 912.

255 4302 476 4400 Συμβαίνει
502 4293 579 4376 οὖν
606 4297 697 4387 τούς
726 4300 870 4389 πάντας
898 4309 1133 4403 συμμορίτας
1158 4302 1256 4383 εἶναι
1270 4310 1429 4403 χιλίους
1447 4305 1529 4384 δια-

147 4429 328 4512 κοσίους·
352 4429 578 4525 μερίζεσθαι
600 4422 638 4499 δέ
659 4421 803 4514 αὐτούς
830 4424 907 4502 άπὸ
938 4434 1151 4519 ἑξακοσίων
1179 4427 1355 4530 ἀνδρῶν,
1386 4428 1529 4510 ὅέστιν

148 4546 225 4624 ἀπὸ
246 4548 338 4625 δέκα
359 4551 601 4652 συμμοριῶν·
630 4548 748 4626 πάλιν
774 4550 811 4628 δὲ
842 4560 1028 4653 ἑκατέραν
1054 4556 1132 4631 τῶν
1160 4555 1232 4633 δύο
1246 4558 1420 4657 μερίδων
1437 4557 1528 4634 τού-

147 4705 223 4751 των
242 4681 447 4774 τέμνεσθαι
468 4681 521 4765 είς
540 4675 635 4767 δύο,
657 4672 681 4753 ὅ
699 4685 803 4762 ἐστιν
820 4685 873 4767 είς
891 4686 1137 4779 τριακοσίους
1151 4688 1226 4781 μὲν
1245 4677 1388 4784 ἄνδρας
1399 4745 1409 4776 ,
1429 4682 1526 4761 κατά

147 4807 255 4877 πέντε
284 4799 322 4875 δὲ
353 4804 588 4899 συμμορίας·
629 4790 739 4878 οὗτοι
778 4801 815 4880 δὲ
854 4807 1024 4882 ἴστωσαν
1051 4811 1087 4882 οὶ
1116 4806 1331 4907 τριακόσιοι
1363 4815 1401 4887 οἱ
1430 4810 1526 4888 πάνυ

147 4925 323 5011 πλούσιοι
346 4929 382 5001 οί
403 4927 566 5023 πρῶτοι,
598 4931 734 5016 οἵτινες
754 4937 1040 5034 προεισφέρουσι
1069 4933 1146 5009 των
1174 4928 1305 5013 ἄλλων
1323 4944 1394 5013 καὶ
1415 4941 1526 5035 ἔνου-

147 5078 208 5129 σιν
227 5048 372 5139 αὐτούς
389 5044 666 5140 ὑπακούοντας
684 5057 738 5142 εἰς
756 5053 890 5135 πάντα.

577 5163 722 5260 (Schol.
743 5167 780 5240 in
799 5165 991 5245 Demosth.
1011 5169 1164 5272 Olynth.
1183 5171 1232 5271 II,
1252 5172 1317 5272 2⁷,
1336 5179 1424 5270 21..)
