3404 5782
148 361 230 437 014
547 377 856 433 commuuimus
875 373 928 427 un
950 374 1028 432 ress.
1049 375 1133 430 uor.
1572 372 1578 537 q

255 573 366 676 Apud
385 564 574 651 Romanos
592 572 654 648 lex
673 568 842 648 Falcidia
859 568 936 644 lata
952 580 1022 664 est,
1043 596 1141 670 quae
1166 572 1312 673 primo
1335 571 1462 670 capite
1478 571 1542 648 libc-
1572 540 1578 597 ι

148 728 226 779 ram
246 698 395 797 legendi
415 699 629 774 facultatem
649 694 749 772 dedit
769 718 884 795 usque
904 693 951 770 ad
971 695 1205 774 dodrantem
1226 697 1294 774 his
1317 697 1470 774 verbis:
1488 702 1544 797 qui

117 827 284 904 'cives
320 823 523 901 Romani
562 831 705 915 sunt,
747 820 827 919 qui
865 842 1029 895 eorum
1067 833 1189 922 post
1229 822 1375 899 hanc
1414 823 1543 923 legen

149 960 370 1048 rogatum
408 958 761 1023 testamentum
800 945 965 1021 facere
995 947 1154 1039 volet,
1200 958 1256 1022 ut
1290 973 1403 1024 eam
1432 975 1543 1050 pecu·

149 1075 276 1151 niam
306 1098 486 1172 easque
515 1097 591 1147 res
620 1070 900 1169 quibusque
928 1066 1043 1145 dare
1072 1072 1255 1170 legare
1292 1071 1466 1166 volet,
1488 1072 1577 1203 j¹¹⁵l

149 1211 479 1302 potestasque
508 1207 623 1273 esto.
663 1193 836 1272 Secundo
856 1194 977 1294 capite
997 1196 1151 1273 modum
1171 1196 1414 1295 legatorum
1433 1202 1544 1276 consti·
1571 1216 1575 1285 ξ

121 1327 220 1401 tuit
249 1324 306 1400 his
335 1323 480 1399 verbis:
518 1322 801 1422 quicunque
840 1320 967 1396 civis
993 1321 1250 1399 Romanus
1290 1337 1420 1425 post
1448 1310 1576 1413 hanel

3 1551 6 1556 ι
149 1451 305 1550 legem
347 1457 570 1549 rogatam
607 1453 960 1524 testamentum
997 1446 1178 1544 faciet,
1231 1451 1278 1525 is
1325 1440 1576 1563 quantun}

149 1575 327 1674 cuique
355 1572 455 1650 civi
482 1573 695 1649 Romano
732 1571 994 1672 pecuniam
1026 1571 1138 1672 jure
1177 1574 1411 1675 publico
1452 1579 1546 1655 darc

150 1698 321 1797 legare
350 1697 506 1791 volet,
530 1699 611 1797 jus
639 1705 970 1798 potestasque
998 1707 1123 1791 esto,
1161 1697 1280 1776 dum
1314 1703 1393 1777 ita
1423 1703 1576 1780 detur.

151 1824 386 1920 legatum,
416 1848 472 1897 ne
500 1822 676 1914 minus,
706 1845 842 1919 quam
872 1829 1061 1920 partem
1089 1835 1338 1922 quartam
1370 1782 1578 1919 heredi-l

150 1948 270 2024 tatis
298 1972 350 2021 eo
378 1957 679 2020 testamento
708 1943 916 2022 heredes
946 1948 1160 2047 capiant.
1193 1949 1336 2042 (Paul.
1362 1952 1451 2028 libr.
1471 1955 1544 2052 sing.

150 2073 198 2149 ad
215 2072 287 2170 leg.
307 2071 409 2146 Falc.
429 2070 471 2146 fr.
495 2070 528 2146 l.
555 2111 602 2122 —
634 2068 721 2170 Gaji
740 2067 830 2146 Inst.
851 2062 899 2166 ll,
920 2066 1008 2144 227.
1037 2113 1087 2124 -—
1118 2070 1280 2173 Ulpian.
1306 2077 1462 2173 XXIV,
1481 2080 1544 2172 32.)

186 2203 188 2206 ⁵
255 2214 388 2291 Suidas
417 2240 445 2290 s.
467 2239 502 2288 v.
535 2207 747 2296 Φαλκὶδιος
776 2213 922 2289 scribit:
951 2212 1118 2290 Falcidia
1141 2214 1206 2292 lex
1227 2240 1253 2292 a
1273 2218 1382 2321 Cajo
1405 2222 1545 2300 Octavio

150 2341 310 2418 Caesare
329 2338 405 2415 lata
422 2352 497 2432 est,
525 2339 723 2416 maximam
742 2339 853 2414 etiam
873 2364 974 2416 nunc
993 2341 1239 2418 autoritatem
1259 2342 1424 2424 habens
1444 2350 1480 2424 in
1498 2349 1545 2424 he·

149 2465 346 2543 reditatum
366 2464 684 2541 successionibus:
712 2463 921 2542 aFalcidio
940 2466 1091 2542 tribuno
1110 2463 1238 2567 plebis
1261 2485 1423 2572 rogata.

256 2590 359 2690 Lege
386 2588 471 2668 XII.
500 2590 711 2668 tabularum
738 2601 884 2690 pater
920 2591 1140 2666 familias
1179 2596 1259 2670 uti
1304 2625 1469 2700 super
1501 2601 1545 2675 ls-

152 2716 291 2794 milia
323 2716 636 2817 pecuniaque
662 2738 748 2791 sus
774 2716 1007 2814 legauit,
1037 2716 1106 2793 ita
1127 2717 1213 2816 jus
1243 2734 1382 2803 esto.
1415 2726 1545 2821 (Cicero

151 2841 197 2918 de
216 2842 356 2918 invent.
378 2842 426 2935 ΙΙ,
449 2842 559 2932 156.)

257 2965 396 3042 Eadem
414 2965 498 3065 lege
517 2964 715 3041 duodecim
733 2965 944 3043 tabularum
963 2967 1033 3041 uti
1053 2967 1291 3068 legassit
1317 3002 1547 3081 superpe-

151 3090 295 3166 cunia
319 3090 545 3166 tutelave
570 3114 688 3166 suae
712 3091 805 3186 rei,
833 3091 1137 3190 itajusesto.
1170 3095 1370 3200 (Ulpian.
1394 3105 1547 3199 Xl,ll.]

257 3214 400 3309 Mutus,
430 3214 582 3309 surdus,
612 3216 791 3308 furimus,
820 3217 981 3316 itemque
1010 3217 1216 3318 prodigus,
1251 3227 1323 3301 cui
1350 3230 1443 3328 lege
1462 3232 1549 3308 bouis

150 3338 386 3417 interdictum
398 3350 464 3433 est,
480 3349 744 3417 testamentum
762 3341 884 3417 facere
894 3366 972 3417 non
981 3354 1148 3442 possunt.
1169 3343 1551 3451 (Ulpian.XX,13.)

728 3547 804 3632 Ad
825 3550 958 3633 1401.

258 3717 384 3793 Isaeus
404 3713 449 3791 de
468 3715 599 3817 Pyrrhi
619 3714 740 3791 hered.
762 3715 832 3789 68:
856 3704 908 3787 ‘0
935 3708 1009 3813 γὰρ
1038 3711 1155 3811 νόμος
1188 3713 1427 3823 διαρρήδην
1452 3735 1554 3833 λέγω,

152 3846 290 3930 ἐξεῖναι
319 3835 527 3914 διαθέσθαι
556 3833 655 3925 ὅπως
684 3831 737 3913 ἂν
765 3843 879 3936 ἐθέλῃ
908 3868 962 3926 τις
990 3835 1036 3913 τὰ
1060 3831 1191 3918 αὑτοῦ
1204 3900 1216 3934 ,
1249 3846 1336 3926 ἐὰν
1352 3852 1413 3950 μή
1438 3855 1555 3940 παῖδας

153 3966 330 4067 γνησίους
349 3967 545 4060 καταλίπῃ
564 3957 741 4064 ἄρρενας·
763 3958 814 4041 ἂν
830 3961 868 4039 δὲ
883 3968 1035 4056 θηλείας
1051 3972 1278 4068 καταλίπῃ,
1291 3974 1379 4053 σύν
1401 3980 1554 4068 ταύταις·

157 4084 311 4165 οὐκοῦν
335 4087 431 4185 μετά
465 4089 539 4165 τῶν
569 4095 791 4194 θυγατέρων
820 4093 898 4167 ἔστι
918 4089 1055 4168 δοῦναι
1074 4098 1145 4166 καὶ
1166 4092 1408 4180 διαθέσθαι
1429 4106 1476 4182 sci
1496 4105 1554 4184 ct-

155 4212 248 4301 τοῦ,
277 4210 373 4290 ἄνευ
403 4214 440 4291 δὲ
470 4215 547 4291 τών
576 4221 743 4319 γνησίων
773 4223 995 4321 θυγατέρων
1025 4213 1112 4314 οὐχ’
1132 4215 1229 4299 οἶόν
1261 4259 1309 4304 sc
1344 4224 1444 4309 orire
1465 4233 1555 4324 nori

155 4343 298 4414 σασθαι
326 4333 416 4416 οὔτε
445 4340 583 4418 δοῦναι
613 4339 747 4419 οὐδενὶ
778 4339 894 4419 οὐδὲν
921 4343 999 4418 τῶν
1028 4345 1182 4422 ἑαυτοῦ.
1228 4355 1348 4446 (Lex
1380 4365 1485 4442 enim
1505 4391 1553 4441 ιχ.

155 4468 291 4568 pressis
321 4469 443 4544 verbis
470 4471 522 4545 ita
551 4472 750 4572 praecipit,
780 4473 841 4571 qui
870 4472 1014 4573 prolem
1040 4476 1254 4556 masculam
1278 4486 1441 4566 nullam
1459 4491 1552 4567 reliu-

155 4605 263 4695 quat,
296 4593 329 4667 ei
348 4594 458 4670 licere
478 4594 578 4672 bona
597 4622 663 4671 sua
684 4624 752 4698 per
770 4608 1032 4675 testamentum
1052 4601 1272 4701 cuicunque
1303 4613 1403 4690 velit
1422 4614 1553 4716 legare:

156 4719 362 4795 sinautem
393 4719 484 4794 filias
513 4722 717 4822 relinquat,
748 4747 833 4799 cum
861 4723 927 4798 his.
966 4722 1071 4800 Licet
1098 4750 1193 4823 ergo
1225 4730 1355 4817 alictii
1380 4737 1552 4821 bonuau

154 4844 301 4940 legare,
329 4844 359 4919 si
388 4867 462 4919 una
489 4869 574 4920 oum
591 4844 699 4922 bonis
720 4847 832 4924 liliam
852 4873 997 4948 quoque
1018 4848 1138 4926 eidem
1158 4849 1354 4959 deleget;
1381 4864 1553 4957 milies

155 4981 279 5044 autem
299 4968 454 5046 filiarum
473 4970 721 5069 legitimarum
740 4975 881 5051 ratione
910 4975 1013 5052 nulla
1030 4974 1160 5054 habita
1178 4978 1370 5087 aliquam⁵
1538 5010 1552 5064 t

155 5094 261 5196 eique
280 5093 463 5173 bonasus
482 5095 638 5197 legare.)
