3404 5782
214 417 267 491 38
766 440 827 490 sus
845 429 1056 491 ευεειουεε.

209 629 285 728 μὲν
303 630 387 725 περί
405 623 486 702 τῶν
503 621 793 727 βουλευτικῶν,
823 619 1004 722 δεύτίρον
1033 621 1072 700 δέ
1101 624 1292 731 περὶτῶν
1320 622 1491 714 κοινῶν,
1520 618 1609 699 εἶτα

215 754 259 833 οί*
272 763 425 830 κεῖνται
442 763 523 841 τοῖς
541 757 652 831 έννέα
671 745 884 853 ἄρχουσιν,
904 747 988 829 είτα
1003 749 1084 827 τῶν
1098 744 1232 831 ἄλλων
1249 745 1402 853 ἀρχῶν·
1419 740 1441 843 ἢ
1461 745 1499 824 δ’
1516 752 1610 826 ε’πι-

208 880 436 978 χειροτονία
451 879 549 955 &om
568 869 592 970 ἢ
611 878 788 976 προτέρα,
805 871 886 976 ὅτῳ
905 872 1097 952 δόκούσιν
1115 872 1254 975 ἀρκεῖν
1270 877 1311 953 οἱ
1319 871 1434 976 νόμοι
1448 872 1491 961 σί-
1501 874 1614 975 βου-

213 1007 408 1081 λευτικοί·
434 996 455 1096 ἦ
477 1002 513 1079 δ’
531 996 690 1102 ύστέρα,
720 999 799 1104 ότφ
814 1000 868 1102 μή
890 999 1082 1105 δοκοῦσιν
1091 1056 1103 1093 ,
1132 997 1213 1078 εἶτα
1231 1000 1310 1078 τῶν
1327 998 1480 1078 κοινῶν
1496 992 1607 1075 κατοί

213 1121 355 1205 ταύτύ·
381 1124 454 1220 τὴν
477 1125 512 1203 δ’
531 1131 842 1229 ἐπιχειροτονίαν
861 1122 967 1233 εἶναι
985 1123 1064 1218 τῶν
1081 1123 1214 1229 νόμων
1231 1123 1336 1211 κατεὶ
1352 1123 1445 1215 τούς
1459 1121 1609 1233 νόμους

214 1245 307 1338 τούς
325 1257 546 1351 κειμένους·
575 1247 646 1330 aar
665 1248 704 1327 δὲ
724 1280 823 1339 τινες
841 1248 920 1327 τῶν
938 1246 1071 1350 νόμων
1088 1248 1167 1335 τῶν
1184 1254 1375 1352 κειμένων
1392 1246 1609 1361 &magm-

213 1374 432 1470 τονηθῶσι,
459 1371 553 1465 τούς
572 1371 792 1476 πρυτάνεις,
825 1381 886 1471 ἐφ’
901 1363 964 1467 ῶν
981 1367 1032 1450 ὀίν
1063 1366 1085 1467 ἦ
1117 1376 1403 1475 ἐπιχειροτονία
1426 1379 1608 1480 γένηται,

215 1510 343 1579 ποιεῖν
368 1506 453 1600 περί
480 1497 561 1580 τῶν
582 1496 1025 1600 ’ἀποχειρατονηθένεων
1047 1494 1121 1591 τόν
1145 1504 1370 1587 τελευταίαν
1390 1497 1610 1600 nimuh

78 1670 80 1687 ι
216 1623 464 1717 ε’·κκλησιῶν··
481 1620 633 1717 τούς-δὲ
657 1621 883 1725 προέδρους,
912 1625 957 1713 οἳ
982 1618 1036 1703 ἒν
1061 1623 1282 1730 τυγχόνωσι
1310 1622 1610 1725 προεδρεύοντες

215 1755 260 1828 έν
285 1747 405 1848 ταύτῃ
428 1779 475 1848 τῃ
457 1749 704 1851 ε’κκλησίᾳ,
727 1752 1027 1853 χρηματίζειν
1008 1747 1224 1855 επάναγκες
1252 1748 1407 1849 πρῶτον
1429 1745 1528 1849 μετὰ
1555 1744 1609 1825 τύ

215 1871 293 1977 ιερδ
316 1880 399 1973 περι
417 1873 497 1952 τῶν
514 1873 765 1976 νομοθετῶν,
794 1869 936 1951 καθ’”
912 1904 935 1950 ο
956 1904 993 1953 τι
1010 1872 1301 1967 καθεδοῦνται,
1328 1905 1399 1953 και
1404 1878 1514 1987 περί
1532 1873 1609 1951 τοῦ

216 1995 419 2171 ἀργυρίου,
439 1988 593 2076 όπόθεν
611 2011 691 2088 τοῖς
710 2000 984 2099 νομοθέταις”
960 2023 1085 2083 εσται·
1104 1997 1194 2088 τούς
1213 1998 1252 2076 δὲ
1273 2003 1487 2098 νομοθέτας
1506 1995 1611 2075 εἶναι

216 2121 368 2202 εκτῶν
394 2121 661 2224 ὀμωμοκότων
685 2124 756 2202 τόν
790 2119 1061 2275 ηλιαστικον“
1037 2147 1185 2243 ορκον·
1213 2122 1384 2202 εόνδ’“
1349 2155 1386 2202 οι
1405 2120 1612 2223 πρυτάνεις

212 2279 268 2349 μη
289 2246 425 2325 ποιῶσι
443 2243 544 2337 κατᾶ
564 2248 612 2341 τὰ
631 2244 874 2400 γεγραμμένα
892 2280 965 2344 την
991 2244 1281 2367 εκκλησίαν,”
1257 2282 1277 2342 η
1301 2279 1337 2325 οι
1325 2242 1608 2351 “πρόεδροι
1549 2278 1609 2348 μη

211 2370 472 2474 χρεματίσωσι
500 2368 602 2451 κατὰ
626 2368 674 2452 τό
702 2374 965 2526 γεγραμμενρι,
996 2366 1176 2473 ὀφείλειν
1195 2374 1274 2452 τῶν
1288 2379 1364 2475 μὲν
1382 2364 1612 2474 πρυτάνεων

216 2506 385 2579 ἕκαστον
397 2503 531 2596 χιλίας
550 2498 754 2617 δραχμὰς“
743 2499 843 2604 ιερύς
867 2496 914 2600 τῇ
927 2492 1106 2603 Ἀθηνᾷ·
1141 2499 1221 2577 τῶν
1240 2498 1278 2577 δὲ
1299 2496 1493 2598 προέδρων
1512 2505 1611 2576 έκα-

99 2621 116 2629 ”
217 2651 304 2713 στος
306 2618 506 2764 ὀφειλέτω
520 2612 663 2726 μυρίας
681 2630 725 2723 )
755 2621 970 2726 δραχμός“
956 2623 1058 2729 ιερός
1085 2620 1131 2725 τῇ
1152 2620 1327 2726 Ἀθηνᾷ
1355 2628 1426 2700 καί
1449 2606 1612 2717 δίδαξις

218 2743 350 2826 αύτῶν
369 2752 463 2827 έστω
484 2746 576 2848 πρός
594 2747 687 2837 τούς
708 2757 971 2852 θεσμοθέτας,
999 2748 1225 2848 καθάπερ
1207 2746 1276 2827 εάν
1292 2780 1350 2837 τις
1369 2741 1471 2848 ὀρχη
1490 2745 1611 2846 ὀφεί-

217 2877 296 2950 λων
313 2871 370 2973 τφ
392 2871 585 2975 δημοσίῳ·
615 2876 652 2949 οἱ
680 2872 719 2948 δὲ
751 2877 988 2979 θεσμοθέται
1015 2871 1108 2961 τούς
1135 2871 1404 2970 ἐνδειχθέντας
1423 2871 1612 2980 είσαγόνω

216 3006 296 3074 των
323 3000 377 3085 είς
404 2992 450 3075 τό
481 2996 731 3098 δικαστήριον
766 2996 870 3076 κατδ
905 2997 979 3078 τόν
1013 2997 1161 3100 νόμον,
1199 2993 1224 3091 ἢ
1245 2997 1301 3100 μη
1331 2996 1527 3077 ἀνιόντων
1554 3003 1612 3091 είς

207 3114 371 3223 Ἀρειον
390 3120 519 3229 π’άγον
528 3181 540 3216 ,
570 3115 601 3198 ῶ
606 3155 623 3211 ς
641 3122 903 3213 καταλύοντες
920 3118 994 3217 τείν
1011 3121 1283 3224 ἐπανόρθωσιν
1300 3123 1381 3202 τῶν
1398 3122 1543 3224 νόμων.

327 3245 416 3347 Πρό
446 3246 484 3326 δὲ
513 3248 577 3340 της
614 3252 821 3342 ἐκκλησίας
849 3241 871 3326 ό
901 3245 1142 3350 βουλόμενος
1163 3245 1396 3342 Ἀθηναίων
1418 3253 1611 3328 ίεηιθέτω

219 3371 367 3474 πρόσθε
398 3374 477 3451 τῶν
509 3370 751 3476 Ἐπωνύμων
787 3372 942 3481 γράψας
977 3371 1070 3463 τούς
1107 3373 1273 3476 νόμους,
1312 3367 1381 3463 ούς
1411 3370 1464 3453 ὀίν
1490 3374 1611 3477 τιθῇ,

219 3491 321 3585 ὅπως
340 3492 393 3575 ἂν
412 3496 504 3601 πρός
522 3495 568 3575 τό
593 3497 744 3592 πλῆθος
771 3497 851 3577 τῶν
876 3504 1069 3577 τεθέντων
1095 3499 1231 3600 νόμων
1259 3505 1472 3602 ψηφίσηται
1490 3492 1515 3581 ό
1536 3499 1612 3594 δῆ-

214 3652 290 3724 μος
309 3629 392 3729 περί
419 3623 491 3702 τού
515 3623 671 3724 χρόνου
698 3635 781 3712 τοῖς
808 3629 1062 3725 νομοθέταιςὅ
1088 3617 1112 3703 6
1143 3623 1182 3703 δέ
1210 3631 1334 3714 τιθεὶς
1361 3623 1435 3704 τόν
1462 3624 1613 3708 καινόν

219 3745 347 3849 νόμον
375 3742 607 3854 ἀναγράψας
633 3753 687 3839 εἰς
705 3747 886 3851 λεύκωμα
904 3756 1090 3831 ἐκτιθέτω
1109 3748 1256 3851 πρόσθε
1273 3749 1354 3828 τῶν
1366 3748 1614 3853 Ἐπωνύμον

219 3866 398 3973 όσημέραι
417 3877 485 3962 θος
504 3867 556 3952 όίν
575 3868 596 3967 ἦ
616 3878 804 3966 ἐκκλησία
822 3881 984 3981 γένηται.
1020 3878 1225 3979 Αίρεῖσθαι
1248 3874 1287 3954 δὲ
1306 3881 1377 3954 καί
1400 3873 1495 3987 τούς
1509 3902 1614 3958 συν-

219 4004 578 4104 απολογησομένους
605 3996 679 4076 τόν
707 3996 833 4099 δῆμον
856 4010 936 4088 τοῖς
956 3997 1113 4102 νόμοις,
1143 3992 1229 4078 οἳ
1201 4029 1254 4078 αν
1272 4007 1317 4079 έν
1334 4011 1415 4091 τοῖς
1433 4010 1613 4103 νομοθέ-

219 4152 302 4211 ταις
320 4121 510 4217 λύωνται,
540 4131 648 4202 πέντε
668 4117 813 4274 ὀίνδρας
831 4133 871 4221 ἐξ
884 4118 1165 4267 Ἀθηναίων’
1144 4125 1329 4205 απόντων
1355 4158 1402 4226 τῃ
1384 4126 1613 4234 ἑνδεκάτῃ

219 4244 292 4326 τοῦ
305 4239 654 4351 Ἑκατομβαιῶνος
666 4248 799 4351 μηνός.

457 4377 671 4472 (Demosth.
690 4405 723 4457 ε.
744 4376 943 4458 Τίιαοατει,
965 4376 1188 4457 706-707.
1208 4378 1288 4458 Lex
1308 4379 1502 4480 solonis.)

876 4556 971 4641 148..

328 4698 476 4776 Primae
497 4700 694 4802 prytaniae
713 4699 775 4776 die
792 4700 991 4781 undecimo
1009 4703 1051 4784 in
1078 4703 1276 4798 mucione,
1289 4765 1292 4774 .
1303 4714 1504 4806 postquam
1523 4719 1613 4789 τοτε

222 4835 374 4930 peracta
392 4824 534 4902 fuerint
551 4851 575 4902 ε
593 4849 798 4927 praecone,
827 4828 1036 4909 sciscantur
1062 4829 1189 4929 leges,
1216 4829 1378 4930 primum
1395 4828 1446 4928 de,
1460 4844 1611 4913 εεαείυ-

223 4952 287 5030 riis
305 4949 436 5043 rebus,
465 4951 599 5030 deinde
627 4948 673 5027 de
692 4954 970 5052 communibus,
999 4967 1080 5031 tum
1107 4952 1152 5033 de
1179 4954 1361 5091 hin-'qqae'
1385 4980 1528 5095 αυγερ]
1551 4986 1611 5043 τι·

268 5162 306 5245 ⁴⁵)
329 5159 485 5233 (ίοδίεεει
506 5145 768 5256 τετταράκοντα.
1070 5227 1090 5236 ,,
1199 5146 1315 5245 522}ae
1338 5142 1359 5223 ύ
