3436 5790
228 369 307 443 644
564 383 873 447 conmonuemus
892 386 946 434 ao
965 380 1029 436 aaa.
1049 383 1113 454 aas,
1132 383 1195 437 aaa.
1214 385 1277 439 sao

233 580 441 657 conducere
460 586 655 679 poterant,
687 575 902 683 drachmam
929 585 1073 685 tantum
1103 580 1297 676 spectandi
1324 579 1448 676 gratia
1477 579 1621 678 persol-

228 704 389 782 vendam
408 727 487 778 esse
506 701 773 796 decreverunt,
803 696 913 802 quam
932 674 1114 779 vboarunt
1136 698 1340 800 θεωρικόν.

815 876 892 959 Ad
913 878 1028 961 000.

334 1043 447 1123 Anno
463 1043 574 1119 tertio
591 1041 680 1118 belli
699 1040 1001 1142 peloponnesiaci
1020 1041 1333 1119 Athenienienses
1353 1041 1511 1118 devictis
1530 1043 1620 1120 Les·

226 1170 297 1246 biis
316 1194 451 1266 agrum
467 1193 597 1245 eorum
616 1168 656 1242 in
674 1177 731 1241 ter
749 1167 848 1241 mllle
869 1178 987 1241 sortes
1014 1167 1240 1261 diviserunt,
1269 1177 1307 1243 et
1325 1178 1516 1244 trecentas
1536 1169 1618 1266 qui·

227 1295 311 1371 dem
330 1294 400 1369 diis
419 1302 706 1386 consecrarunt,
735 1290 774 1366 in
802 1290 963 1389 reliquas
982 1318 1071 1366 vero
1092 1292 1281 1392 agripetas
1301 1293 1402 1367 facta
1421 1293 1617 1368 sortitione

225 1420 413 1496 miserunt.
443 1415 733 1516 (Thucydid.
754 1416 822 1509 ΙΙΙ,
842 1414 927 1506 50.)
996 1430 1003 1439 “

332 1561 390 1638 Cf.
411 1561 635 1636 Voemel:
655 1559 701 1635 de
720 1559 932 1637 discrimine
952 1558 1223 1635 vocabulorum
1239 1555 1478 1654 κληροῦχος,
1499 1551 1618 1633 ἄποι-

225 1713 309 1774 κος,
330 1686 499 1768 ἔποικος.
524 1685 723 1780 (Francos.
744 1685 881 1776 1839.)
903 1731 951 1742 --
972 1685 1265 1761 Kirohholf:
1292 1685 1367 1761 Zur
1385 1685 1614 1763 Geschichte

225 1813 290 1888 der
309 1813 492 1887 attischen
504 1810 700 1887 Oleruohie
720 1811 789 1885 aus
801 1810 974 1885 Lemnos.
995 1811 1185 1902 (Hermes,
1207 1811 1419 1887 Zeitschrilt
1439 1813 1503 1887 fiir
1522 1813 1616 1888 clas·

226 1939 345 2014 sische
365 1937 582 2035 Philologie.
611 1935 739 2011 Berlin
762 1936 874 2013 1866.
904 1965 941 2039 p.
961 1935 1071 2039 217).

814 2127 892 2210 Ad
912 2130 1027 2212 000.

332 2294 486 2372 Suidas:
510 2286 750 2381 Ἀδύνατοι,
782 2321 939 2396 corpore
966 2295 1146 2389 mutilati,
1175 2297 1238 2396 qui
1258 2323 1281 2372 a
1303 2306 1436 2373 senatu
1467 2297 1617 2395 probati

226 2419 463 2523 accipiebant
491 2419 657 2518 quotidie
685 2420 748 2496 alii
777 2420 869 2495 duos
900 2418 1054 2513 obolos,
1079 2421 1142 2497 alii
1171 2447 1259 2498 vero
1290 2423 1454 2499 obolum.
1493 2421 1617 2499 Philo

225 2548 360 2631 chorus
379 2545 610 2625 autemdicit
628 2571 763 2621 novem
782 2545 980 2621 drachmas
999 2547 1158 2642 singidis,
1173 2546 1375 2623 mensibus.

333 2671 390 2749 Of.
410 2670 534 2747 Schol.
556 2671 596 2746 in
616 2668 788 2747 Aeschin.
808 2670 997 2747 Timarch.
1020 2670 1104 2745 103.

813 2844 890 2926 Ad
913 2845 1029 2927 002.

333 3012 378 3086 In
408 3007 668 3110 Aristophanis
697 3010 848 3085 Ranis
878 3009 988 3103 (761.
1017 3038 1051 3085 ν.
1081 3013 1179 3109 seq.)
1208 3011 1299 3086 dicit
1325 3010 1492 3089 Aeacus:
1530 3013 1616 3107 „lex

227 3133 411 3235 quaedam
430 3133 491 3208 hic
510 3137 667 3235 [nempe
686 3135 723 3208 in
743 3134 862 3227 Orco)
892 3145 1030 3210 statuta
1058 3148 1132 3227 est,
1163 3146 1204 3210 ut
1232 3162 1279 3212 ex
1306 3137 1450 3213 artibus
1469 3138 1616 3238 majori-

226 3260 297 3334 bus
316 3269 354 3334 et
372 3257 663 3357 elegantioribus
680 3259 763 3352 ille,
794 3260 857 3360 qui
877 3272 933 3335 cst
950 3260 1290 3361 praestantissimus
1316 3262 1371 3337 sui
1390 3263 1541 3360 generis
1561 3290 1617 3338 ar-

201 3381 384 3476 tificum,
414 3384 454 3458 in
473 3394 653 3484 prytaneo
673 3383 797 3459 cibum
828 3385 986 3485 capiat.“
1025 3385 1213 3461 Videntur
1230 3386 1323 3462 haec
1343 3387 1392 3462 ab
1412 3385 1616 3462 Athenien-

228 3507 348 3603 sibus,
368 3520 409 3584 ut
428 3509 517 3585 dicit
534 3510 732 3586 scholiasta
749 3510 798 3585 ad
816 3510 916 3585 hunc
934 3511 1077 3600 locum,
1102 3538 1141 3587 re
1161 3534 1251 3585 vera
1271 3514 1471 3588 observata
1490 3512 1616 3587 luisse.

816 3684 893 3766 Ad
912 3687 1027 3768 000.

334 3850 538 3949 Diogen
558 3850 716 3926 Lauri
736 3852 766 3946 I,
788 3855 858 3925 55:
878 3851 995 3928 Solon
1011 3853 1235 3930 athletarum
1249 3854 1416 3955 praemia
1432 3854 1619 3951 castigata

228 3977 484 4052 moderatione
503 3977 685 4051 correxit:
714 3977 748 4050 ei
777 3976 925 4076 quidem
952 3978 1015 4077 qui
1035 3978 1212 4080 Olympia
1234 3980 1402 4069 vicisset,
1432 3979 1616 4078 quingen-

227 4113 287 4178 tas
306 4100 518 4192 drachmas,
548 4101 721 4199 quivero
739 4100 917 4195 Isthmia,
948 4102 1027 4179 dari
1055 4116 1205 4180 centium
1228 4104 1440 4199 constituit;
1467 4105 1617 4180 eadem-

228 4250 301 4325 que
319 4227 462 4300 ratione
490 4226 530 4302 in
558 4226 824 4303 certaminibus
853 4229 998 4303 ceteris.
1036 4228 1104 4304 Est
1122 4229 1220 4304 enim
1240 4229 1444 4305 absurdum
1461 4229 1617 4306 istorum

227 4349 389 4426 honores
408 4376 568 4449 augere,
588 4351 656 4429 sed
675 4378 803 4455 eorum
822 4354 1101 4446 tantummodo,
1125 4354 1188 4453 qui
1207 4354 1247 4427 in
1265 4354 1366 4429 bello
1384 4353 1618 4430 cecidissent.

335 4474 460 4552 Schol.
477 4478 518 4551 in
537 4475 728 4578 Aristoph.
748 4477 860 4557 Aves.
881 4478 978 4552 369:
998 4472 1043 4551 τὸ
1062 4471 1231 4552 παλαιὸν
1247 4472 1340 4561 τούς
1359 4472 1506 4563 λύκους
1523 4471 1617 4550 ἀπέ-

227 4625 385 4683 κτεινον
411 4605 455 4676 ἐν
477 4597 522 4696 τῇ
547 4595 737 4696 Ἀττικῇ,
760 4606 831 4687 καὶ
862 4597 979 4698 νόμος
1009 4593 1057 4691 ἦν
1085 4606 1365 4677 λυκοκτονεῑν·
1405 4598 1467 4677 διὸ
1496 4592 1618 4698 ὁμὲν

227 4720 408 4819 φονεύων
436 4729 578 4810 τέκνον
607 4721 733 4800 λύκου
760 4722 953 4801 τάλαντον
980 4723 1219 4825 ἐλάμβανεν,
1248 4717 1330 4803 o‘di
1359 4730 1505 4802 τέλειον
1533 4723 1619 4804 δύο.

227 4851 348 4947 [Olim
367 4853 475 4953 lupos
495 4851 719 4931 occidebant
736 4853 776 4927 in
796 4851 938 4946 Attica,
959 4866 996 4930 et
1014 4856 1073 4933 lex
1093 4868 1172 4929 erat
1191 4864 1233 4929 ut
1250 4853 1507 4931 occiderentur
1524 4855 1616 4954 lupi.

164 5003 167 5009 ·
226 4976 316 5057 Ideo
344 4979 407 5076 qui
432 4976 512 5078 lupi
542 4978 660 5053 fetum
688 4978 935 5071 interimeret,
967 4980 1146 5056 talentum
1174 4979 1401 5080 accipiebat,
1431 4981 1496 5079 qui
1527 5007 1617 5055 vero

305 5100 335 5177 is
351 5102 563 5202 integrum,
578 5101 684 5194 duo.)
