3436 5790
158 403 236 479 306
704 418 767 467 sos
786 413 997 467 noamcon.

158 618 229 693 nisi
250 618 354 718 prius
373 614 609 691 decreverint
628 608 874 688 Athenienses
894 630 960 681 sex
980 606 1144 682 millibus
1167 633 1245 682 non
1263 605 1477 707 pauciores,
1509 604 1554 678 li-

160 770 243 820 cere
263 742 322 835 id,
352 740 486 841 quibus
514 737 657 813 occulte
687 731 974 808 decernentibus
993 731 1045 806 ita
1064 731 1175 807 fuerit
1193 731 1333 824 visum,
1364 740 1442 804 tum
1461 754 1553 805 vero

160 895 273 969 agere
293 868 400 959 licet,
432 874 615 964 quatenus
634 858 779 935 senatui
797 856 1011 957 populoque
1030 855 1152 931 visum
1171 855 1294 932 fuerit.

803 1016 917 1091 1198.

256 1162 330 1254 Ὃς
350 1160 404 1240 ἂν
424 1164 476 1261 θῇ
497 1165 696 1263 ἱκετηρίαν
713 1161 935 1256 μυστηρίοις
953 1155 1153 1236 τεθνάναι.

822 1286 1023 1382 (Andocid.
1043 1285 1090 1363 de
1109 1298 1259 1390 myster.
1280 1281 1313 1387 ξ.
1334 1287 1443 1379 110.)

803 1450 917 1524 1198.

269 1602 343 1696 Qui
362 1600 561 1678 Eleusiniis
581 1624 722 1674 ramum
750 1593 1058 1699 supplicatorium
1087 1592 1273 1694 posuerit,
1301 1593 1411 1670 morti
1431 1593 1555 1670 detur.

761 1892 957 1983 hssmmryst

647 2402 714 2466 Dc
752 2397 1075 2487 peregrinis

807 2585 919 2661 1199.

272 2727 341 2820 Ml
357 2729 538 2826 χορεύειν
556 2735 692 2824 ξένον,
722 2724 744 2817 ἢ
758 2733 889 2824 χιλίας
909 2724 1112 2803 ἀποτίνειν
1129 2725 1201 2803 τὸν
1214 2725 1399 2830 χορηγόν.

800 2966 903 3039 ¹¹99
953 2858 1162 2950 (Plutarch.
1182 2857 1335 2934 Phocio.
1360 2857 1445 2947 30.)

273 3108 329 3182 Νε
349 3109 430 3206 quis
449 3108 669 3208 peregrinus
689 3109 809 3202 saltet,
831 3119 894 3183 aut
913 3108 1096 3208 choragus
1116 3110 1238 3185 solvat
1257 3109 1433 3184 mulctam
1452 3108 1557 3182 millo

166 3232 432 3307 drachmarum.

806 3342 919 3417 1200.

278 3479 365 3555 Τῶν
378 3479 580 3579 χορευτῶν
597 3477 747 3583 ἐξάγειν
766 3474 815 3555 ὃν
834 3476 885 3556 cir
903 3512 958 3570 τις
986 3482 1171 3580 βούληται
1200 3490 1312 3573 ξένον
1323 3540 1333 3572 ,
1362 3479 1557 3587 ἀγωνιζό-

163 3633 287 3704 μενον
306 3601 384 3680 οὐκ
403 3604 492 3698 ε’·ξὸν
510 3606 796 3705 ἐπιχειρήσαντα
815 3607 992 3683 κωλύειν.

890 3735 1091 3830 (Andocid.
1111 3761 1141 3810 c.
1164 3734 1343 3813 Alcibiad.
1363 3736 1449 3829 20.)

809 3897 923 3971 1200.

275 4039 547 4115 Choreutarum
575 4042 857 4140 peregrinorum
887 4069 1000 4143 quem
1025 4042 1106 4143 quis
1125 4044 1206 4117 vult
1223 4043 1271 4116 ab
1292 4044 1483 4120 orchestra
1501 4072 1559 4121 ar-

170 4176 271 4258 ceat,
295 4166 376 4266 jam
395 4178 598 4241 certantem
617 4178 742 4242 autem
762 4167 797 4241 vi
818 4167 986 4243 adhibita
1003 4193 1051 4243 ne
1070 4166 1278 4268 prohibeat.

279 4464 367 4543 Οὐκ
387 4471 532 4560 ἔξεστιν
551 4461 680 4555 ἅπλῶς
699 4469 778 4543 τῶν
791 4468 976 4574 χορηγῶν
994 4467 1126 4546 οὐδενί
1148 4475 1450 4569 προσκαλέσαντι
1467 4472 1562 4562 τούς

165 4591 354 4692 χορευτάς
384 4606 563 4684 σκοπεῖν,
593 4591 677 4668 ἀλλ’
705 4592 776 4670 ιὀίν
799 4596 874 4693 μὲν
901 4601 1064 4692 καλέσῃ,
1104 4594 1342 4687 πεντήκοντα
1371 4595 1561 4698 δραχμὰς,

171 4716 240 4794 ἐὰν
259 4716 296 4795 δὲ
316 4725 555 4812 καθίζεσθαι
574 4717 756 4817 κελεύσῃ,
780 4724 912 4817 χιλίας
932 4719 1141 4800 ἀποτίνειν.

865 4855 1077 4947 (Demostlr.
1097 4856 1136 4930 in
1156 4856 1317 4932 Midiam.
1344 4855 1451 4948 532.)

814 5016 926 5091 1201.

280 5153 365 5232 Non
385 5158 611 5263 permittitur
631 5159 879 5258 choragorum
897 5161 982 5256 ulli,
1012 5173 1053 5236 ut
1079 5162 1277 5262 fungentes
1305 5161 1501 5245 choreutas
1520 5163 1561 5239 in
