3404 5782
795 430 857 483 ms
875 428 1094 485 valvam.

895 622 1009 699 1483.

364 755 420 829 Εε
438 750 564 828 omnia
581 747 684 825 irrita
703 758 832 843 sunto,
861 747 894 823 si
914 749 995 848 quia
1014 748 1156 825 mulieri
1176 771 1313 850 parans
1333 746 1471 824 faciat.

891 909 1005 987 1484.

365 1034 486 1114 Παιδί
502 1032 554 1136 μὴ
574 1043 713 1128 ἐξεῖναι
733 1027 991 1133 συμβάλλειν,
1015 1032 1110 1134 μηδὲ
1140 1039 1299 1138 γυναικί
1329 1037 1431 1132 πέρα
1458 1028 1663 1131 μεδίμνου

256 1162 421 1262 κριθῶν.
891 1165 1040 1256 (Ιεεευε
1060 1163 1106 1239 de
1128 1161 1280 1240 Aristar.
1300 1161 1380 1238 her.
1404 1154 1563 1261 §.103

897 1324 1010 1400 1484.

363 1401 483 1529 Puero
503 1478 550 1528 ne
569 1451 670 1528 licito
690 1475 774 1527 cum
793 1475 982 1549 quoquam
1000 1448 1221 1527 contrahere
1241 1473 1362 1549 neque
1385 1448 1553 1524 mulieri
1573 1449 1661 1527 ultra

256 1579 483 1657 medimnam
503 1576 693 1656 frumenti.

893 1699 1006 1775 1485.

366 1833 380 1859 s
413 1821 420 1846 1
452 1831 461 1856 5
590 1826 599 1850 p
651 1814 672 1842 ΊΙ

302 1915 305 1930 ,
368 1832 422 1901 Γα
443 1854 486 1901 εν
499 1852 624 1924 μανιᾳ
645 1848 772 1922 ακυρα
792 1816 904 1898 εἶναι.

824 1948 990 2052 (Syrian.
1010 1949 1048 2024 in
1068 1949 1294 2048 Hermogen.
1319 1958 1408 2025 stat.
1433 1948 1560 2044 194.)

895 2110 1009 2187 1485.

362 2240 467 2333 Quae
487 2239 527 2313 in
545 2238 670 2315 furore
690 2246 774 2314 acta
791 2246 900 2329 sunt,
931 2234 1036 2315 irrita
1054 2235 1247 2312 habentor.

362 2522 556 2624 Προσὴκει
585 2519 676 2610 τούς
704 2516 930 2606 ἀντιδίκους
958 2511 1054 2617 ὑπὲρ
1078 2521 1154 2617 μὲν
1180 2516 1259 2594 τῶν
1287 2515 1429 2609 ἰδίων,
1476 2515 1588 2610 ὅπως
1613 2516 1655 2594 ἀν

256 2646 399 2736 αὐτούς
418 2654 603 2748 πείθωσι,
634 2647 868 2723 διοικεῖσθαι
890 2641 982 2741 πρὸς
1011 2642 1220 2736 ἀλλήλους,
1248 2638 1344 2744 ὑπὲρ
1375 2644 1420 2722 δὲ
1455 2647 1547 2724 τῶν
1575 2643 1655 2743 πρὸς

254 2771 299 2848 τὸ
321 2771 525 2872 δημόσιον,
554 2768 655 2858 ὅπως
674 2767 724 2846 ἀν
744 2774 781 2847 ολ
800 2767 913 2866 νόμοι
932 2767 1152 2848 κελεύωσιν.

894 2899 1105 2990 (Demosth.
1126 2924 1156 2974 ο.
1176 2898 1378 2975 Theocrin.
1405 2901 1558 2996 1328.)

894 3058 1008 3134 1486.

361 3188 481 3261 Decet
510 3184 741 3260 adversarios
760 3185 799 3259 in
824 3185 980 3285 privatis
1009 3181 1157 3285 quidem
1184 3186 1448 3264 contractibus
1472 3217 1546 3267 suo
1567 3190 1652 3267 arbi·

255 3324 353 3423 tratn
374 3312 472 3387 inter
491 3338 531 3386 se
550 3313 778 3411 transigere,
798 3313 836 3387 in
857 3311 989 3388 aerarii
1008 3338 1098 3388 vero
1120 3314 1250 3407 rebus,
1271 3325 1312 3387 ut
1330 3313 1442 3412 leges
1459 3318 1651 3416 jusserint

893 3474 1009 3551 1487.

362 3600 410 3672 Αἱ
431 3595 628 3687 συνθῆκαι
649 3600 822 3674 τίθενται
845 3597 945 3698 παρά
966 3628 1053 3674 τινι.

910 3708 1124 3804 (Demosth.
1144 3705 1228 3783 adv.
1250 3704 1406 3808 Apatur.
1428 3712 1552 3808 897.)

895 3868 1007 3945 1487.

362 3996 559 4073 Pactiones
578 3994 678 4097 apud
697 3993 858 4095 aliquem
878 3994 1127 4096 deponuntur.

898 4157 1008 4232 1488.

363 4259 512 4348 Πάντες
539 4254 764 4358 ἅνθρωποι,
795 4255 890 4335 ὅταν
920 4260 1012 4357 πρὸς
1038 4258 1224 4352 ἀλλήλους
1253 4261 1445 4340 ποιῶνται
1481 4295 1642 4373 συγγρα-

254 4383 350 4479 φάς,
379 4384 521 4461 τούτου
540 4395 654 4462 ἕνεκα
674 4384 929 4484 σημηνάμενοι
949 4391 1124 4462 τίθενται
1151 4395 1237 4484 παρ’
1267 4384 1325 4475 οἷς
1353 4384 1411 4464 ἀν
1440 4396 1645 4470 πιστεύσω-

254 4537 336 4599 σιν,
374 4514 439 4599 ίν’,
477 4508 545 4586 ε’·ἀν
572 4543 606 4586 τι
639 4508 911 4615 ἀντιλέγωσιν,
948 4505 973 4609 ᾗ
1002 4508 1134 4600 αὐτοῖς
1170 4515 1468 4593 ἐπανελθοῦσιν
1509 4527 1568 4596 ε’πί
1605 4517 1643 4591 τά

254 4634 456 4738 γράμματα
476 4637 663 4714 ἐντεῦθεν
681 4636 754 4714 τὸν
773 4640 936 4741 ἔλεγχον
965 4637 1196 4730 ποιήσασθαι
1230 4645 1310 4738 περὶ
1339 4642 1419 4716 τοῦ
1450 4642 1643 4742 ἀμφισβη-

253 4768 456 4860 τουμένου.
909 4767 1121 4859 (Demosth.
1140 4767 1226 4842 adv.
1247 4761 1407 4868 Apatnr.
1429 4774 1548 4866 904.)

889 4930 1001 5004 1488.

360 5052 501 5129 Omnes
520 5052 688 5128 homines
708 5080 820 5154 quum
839 5056 987 5131 tabulas
1007 5056 1104 5132 inter
1123 5081 1164 5131 se
1183 5056 1334 5151 faciunt,
1355 5074 1570 5163 propterea
1588 5063 1641 5136 ob·

252 5178 416 5276 signans
436 5178 536 5280 apud
556 5203 619 5256 eos
639 5180 853 5281 deponunt,
873 5183 1007 5282 quibus
1027 5182 1140 5258 fidem
1162 5182 1321 5277 habent,
1343 5197 1409 5285 ut,
1431 5190 1465 5264 si
1487 5218 1562 5291 qna
1580 5190 1640 5265 dis·
