3436 5790
173 338 257 425 liet
719 361 781 411 rus
799 359 1010 413 ruatrcnrr.

820 550 908 625 469.

274 700 360 777 Duo
379 710 505 775 autem
524 707 609 772 sunt
628 692 864 794 Oschophori
894 721 940 771 ex
960 720 1116 771 numero
1146 722 1296 790 eorum,
1326 693 1389 795 qui
1418 716 1558 792 genere

168 836 204 901 et
222 825 358 924 opibus
376 831 577 925 praestant.
819 928 900 1000 470

278 1077 366 1155 Τοῖς
384 1072 547 1168 Σκίροις
573 1062 706 1170 ἀγῶνα
725 1071 982 1141 ἐπιτελεῖσθαι
1001 1065 1079 1143 τῶν
1098 1064 1255 1168 ἐφήβων
1275 1065 1440 1168 δρόμου·
1472 1071 1557 1165 τρέ-

160 1225 252 1292 χειν
274 1195 308 1271 δ’
320 1192 463 1280 αὐτούς
483 1195 644 1289 ἔχοντας
663 1188 841 1289 α’μπέλου
859 1191 1010 1269 κλάδον
1028 1191 1297 1294 κατάκαρπον,
1316 1191 1388 1270 τὸν
1405 1190 1558 1268 καλού-
1601 1189 1606 1200 ’

161 1350 285 1418 μενον
304 1314 444 1414 ὦσχον.
486 1323 672 1416 Τρέχουσι
702 1315 737 1390 δ’
755 1324 802 1394 ἐκ
830 1318 904 1395 τοῶ
921 1319 1029 1415 ἱεροῦ
1046 1317 1121 1394 του
1139 1316 1334 1395 Διονύσου
1348 1323 1463 1418 μέχρι
1481 1315 1557 1393 τοῶ

165 1446 229 1536 τῆς
257 1443 455 1544 Σκιράδος
487 1438 662 1533 Ἀθηνᾶς
689 1442 817 1541 ἱερου,
852 1447 923 1517 καὶ
952 1435 974 1519 ό
1004 1440 1160 1535 νικήσας
1188 1441 1377 1546 λαμβάνει
1406 1441 1555 1519 κύλικα

165 1567 236 1663 τόν
264 1575 471 1675 λεγομένην
508 1565 774 1656 πενταπλόαν,
805 1574 874 1643 καὶ
903 1565 1072 1668 κωμάζει
1096 1565 1194 1668 μεταλ
1216 1568 1357 1670 χοροῶ.
1397 1572 1557 1649 Πεντα-

165 1695 264 1772 πλόα
283 1695 317 1770 δ’
339 1689 358 1788 ἡ
380 1691 495 1784 κύλιξ
514 1698 711 1783 καλεῖται,
740 1698 838 1769 καθ’
865 1684 961 1770 δσον
980 1691 1091 1769 οἶνον
1110 1696 1188 1791 ἔχει
1208 1700 1278 1770 καὶ
1292 1698 1380 1794 μέλι
1398 1698 1468 1770 καὶ
1487 1722 1556 1769 τυ-

164 1818 234 1921 ρόν
253 1827 322 1896 καί
342 1813 512 1914 ἄλφιτον
530 1824 598 1894 καὶ
618 1821 751 1895 ἐλαίου
770 1816 912 1918 βραχέι,
964 1822 1200 1916 (Athenaeus
1211 1824 1277 1901 XI.
1289 1850 1325 1925 p.
1337 1825 1446 1917 496.)

815 1983 905 2058 470.

269 2125 460 2211 Scirorum
478 2130 574 2207 festo
593 2127 653 2205 die
672 2127 911 2206 celebrantur
929 2128 1027 2225 ludi,
1053 2129 1189 2229 quibus
1208 2156 1318 2209 eursu
1336 2139 1489 2209 uertant
1494 2130 1556 2230 ju·

162 2278 298 2350 venes,
325 2281 470 2331 ramum
489 2255 575 2330 vitis
594 2264 787 2354 gestantes
812 2255 894 2330 uvis
926 2267 1123 2350 onustum,
1151 2256 1215 2356 qui
1233 2255 1366 2332 oschns
1385 2266 1556 2338 voeatur.

163 2379 329 2456 Currant
347 2392 472 2458 autem
492 2407 512 2456 e
531 2379 669 2455 Bacchi
698 2380 835 2481 templo
855 2406 973 2481 nsque
994 2381 1041 2458 ad
1060 2382 1241 2484 templum
1260 2381 1456 2457 Minervae
1475 2377 1555 2454 Sci-

161 2504 282 2601 radis;
308 2517 348 2583 et
366 2505 487 2585 victer
514 2504 653 2607 accipit
680 2505 855 2598 calibem,
887 2506 950 2606 qui
970 2507 1172 2608 peutaplus
1191 2506 1345 2600 dicium
1367 2529 1555 2583 ‘commes-

162 2642 336 2731 saturque
364 2656 449 2707 cnm
471 2631 655 2731 juvenum
683 2641 804 2707 coetu.
847 2630 1059 2732 Penteploa
1086 2641 1212 2708 autem
1239 2641 1396 2707 vocatur
1434 2629 1562 2723 calix,-

161 2758 337 2856 quoniam
365 2768 403 2832 et
430 2756 560 2833 vinum
587 2755 755 2832 continet
780 2766 821 2833 st
849 2756 923 2832 mel
951 2768 988 2831 et
1016 2780 1167 2832 caseum
1196 2767 1233 2831 et
1251 2755 1412 2831 farinam
1430 2765 1469 2829 et
1488 2779 1555 2855 pa·

161 2908 242 2958 rum
261 2882 345 2959 olei.

814 2987 909 3061 471.

269 3126 423 3221 Δεκάτῃ
452 3124 739 3226 Πυανεψιῶνος
771 3132 816 3202 ἐν
846 3118 1079 3223 ςΑλιμοῶντι
1117 3128 1360 3229 Θεσμοφόρια
1398 3119 1554 3232 ἄγεται·

163 3250 349 3348 ἑνδεκάτῃ
378 3251 666 3352 Πυανεψιῶνος
696 3246 864 3338 ῶνοδος·
903 3250 1099 3349 δωδεκάτῃ
1137 3244 1313 3345 νηστείας
1335 3250 1552 3353 τριςκαιδε-

162 3375 262 3475 κάτῃ
283 3381 543 3481 Καλλιγένεια.
678 3381 822 3474 (Schol.
840 3381 880 3456 in
899 3380 1090 3484 Aristoph.
1111 3383 1340 3485 Thesmoph.
1361 3384 1444 3475 80.)

816 3544 904 3619 471.

253 3668 423 3744 1Βεοίπιο
451 3667 726 3770 Pyanepsionis
745 3669 1047 3772 Thesmophoria
1076 3670 1314 3747 celebrantur
1342 3670 1443 3774 apud
1472 3667 1552 3746 Ali-

160 3795 319 3887 musios,
348 3791 545 3868 undecima
573 3795 846 3896 Pyanepsionis
874 3820 1069 3888 aseensus,
1105 3793 1323 3882 duodecima
1345 3795 1552 3898 jejunium,

160 3923 306 3999 decima
325 3918 435 3996 tertia
453 3916 672 4018 Calligenia.
810 4030 886 4105 472

269 4175 364 4243 Κατ’
385 4171 468 4257 ἔτος
486 4175 608 4245 τελεῖν
626 4167 673 4244 τό
698 4169 948 4271 θεσμοφόρια.
993 4175 1193 4269 Παρθένοι
1214 4168 1252 4245 δὲ
1278 4178 1462 4274 γυναῖκες
1480 4172 1550 4242 καί

161 4290 232 4369 τόν
250 4298 344 4394 βίον
364 4301 522 4394 σεμναὶ,
552 4291 653 4370 κατοὶ
682 4294 751 4388 τὴν
778 4287 921 4396 ἡμέραν
939 4295 1003 4387 τῆς
1022 4294 1167 4386 τελετῆς
1185 4292 1254 4381 τοὶς
1275 4299 1463 4394 νομίμους
1482 4296 1552 4392 βέ-

161 4422 366 4518 βλουςκαί
387 4416 486 4518 ἱερός
507 4413 601 4520 ὑπὲρ
620 4421 699 4497 τῶν
717 4422 907 4521 κορυφῶν
927 4419 1060 4497 αὐτῶν
1083 4418 1330 4510 ἀνατιθέασι,
1359 4426 1426 4495 καί
1446 4410 1550 4494 ῶσα-

163 4551 218 4619 νεὶ
239 4543 506 4620 λιτανεόουσαι
526 4543 756 4646 ἀπέρχονται
779 4552 831 4635 εἰς
851 4545 1046 4624 Κωλιάδα.

839 4676 984 4771 (Schol.
1004 4678 1043 4752 in
1062 4636 1336 4773 TheocritIV,
1356 4676 1440 4767 25.)

812 4840 902 4916 472.

268 4957 477 5053 Quotannis
496 4958 731 5037 celebrentur
749 4963 1057 5065 Thesmophoria.
1095 4961 1342 5064 Virginesque
1371 4965 1545 5041 mulieres

303 5085 499 5180 ²&teteritas
529 5088 714 5186 capitibus
742 5088 941 5190 imponunt
969 5090 1028 5165 die
1047 5091 1214 5189 mysterii
1234 5118 1302 5167 usu
1321 5101 1492 5191 receptos
1509 5103 1551 5168 et
1651 5098 1658 5119 '
