3436 5790
528 413 578 463 Du
598 408 816 462 LocA'rrortu
836 408 883 459 ΕΤ
902 409 1182 461 cornucrroltu.
1463 384 1539 459 393

159 607 266 702 ρίου,
296 598 395 677 εἶναι
414 604 668 701 ἐνεχυρασίαν
686 609 764 686 τοῖς
780 594 1001 694 μισθώσασι
1021 601 1091 671 καὶ
1110 605 1156 673 ἐκ
1180 596 1257 674 τῶν
1285 591 1438 695 ὦραίων
1467 596 1544 673 τῶν

160 735 205 804 ἐκ
223 727 463 829 τοῦχωρίου
483 732 549 801 καί
571 733 616 802 ἐκ
636 724 714 799 τῶν
733 717 862 799 ἄλλων
888 714 1071 798 ἁπάντων
1099 721 1169 798 τοῦ
1195 720 1249 821 μὴ
1278 719 1542 812 ἀποδιδόντος.

822 850 1005 947 (Boeckh.
1025 849 1138 954 Oorp.
1158 853 1267 928 inrcr.
1288 853 1333 929 N.
1355 853 1437 946 33.)

793 1013 907 1091 1530.

267 1159 306 1236 si
325 1161 387 1261 qui
406 1160 562 1236 fundum
580 1158 837 1237 conduxerunt
860 1157 1071 1236 mercedem
1098 1158 1357 1236 conductionis
1376 1181 1452 1232 non
1471 1155 1543 1230 sol·

161 1287 303 1380 verint,
332 1285 540 1363 lucentibus
562 1287 626 1387 jus
655 1296 735 1362 esto
763 1285 925 1386 pignora
952 1284 1126 1385 cupiendi
1154 1294 1231 1361 tum
1251 1310 1270 1360 e
1290 1282 1395 1360 fundi
1416 1280 1543 1359 fructi·

160 1412 230 1489 bus
249 1438 360 1513 quam
379 1438 426 1488 ex
445 1411 620 1489 omnibus
639 1411 721 1488 aliis
739 1410 853 1488 rebus
872 1411 952 1511 ejus
972 1411 1034 1510 qui
1054 1436 1130 1487 non
1149 1409 1312 1487 solverit.

798 1589 912 1665 1531.

263 1725 361 1805 Ἐὰν
379 1735 552 1828 πολέμιοι
572 1734 790 1835 ίξείργωσιν
817 1727 842 1822 ii
871 1729 1130 1829 διαφθείρωσί
1158 1758 1216 1821 τι,
1245 1727 1345 1806 εἶναι
1372 1738 1451 1814 τοῖς
1475 1754 1545 1824 μι-

163 1853 335 1958 σθώσασι
353 1857 433 1933 τῶν
451 1865 670 1960 γενομένων
687 1863 731 1934 ἐν
748 1854 803 1957 τῷ
818 1860 954 1956 χωρίῳ
973 1851 1021 1930 τὰ
1041 1847 1188 1953 ἡμίσεα.

807 1985 1008 2080 (Boeckhii
1026 1983 1139 2088 Oorp.
1158 1985 1268 2064 inser.
1289 1983 1333 2060 N.
1355 1984 1438 2078 93.)

800 2150 913 2226 1531.

266 2291 305 2368 si
325 2291 449 2370 hostes
468 2291 733 2371 conductorem
750 2297 936 2372 arcuerint
953 2296 1014 2372 vel
1032 2294 1172 2396 aliquid
1192 2291 1432 2395 perdiderint,
1453 2315 1542 2367 con·

162 2429 263 2522 petat
283 2420 493 2498 lucentibus
512 2421 665 2499 dimidiu
685 2422 870 2501 fructuum
889 2451 976 2526 pars
996 2450 1016 2502 e
1036 2421 1164 2500 fundo.

795 2599 908 2678 1533.

263 2718 445 2814 ‘Rusaddir
464 2736 510 2813 wi
530 2738 592 2830 τῆς
607 2737 829 2838 μισθώσεως
850 2742 912 2833 ἔτη
931 2747 1080 2839 ἐξέλθῃ,
1101 2738 1345 2843 ιραραδοῦναι
1364 2735 1456 2826 τούς
1471 2769 1544 2837 με·

160 2872 429 2964 μισθωμένους
447 2864 517 2958 τήν
536 2860 694 2966 ἦμισέαν
712 2868 776 2959 τῆς
795 2867 862 2973 γῆς
876 2875 1021 2969 χὲρρσν
1039 2873 1108 2944 καί
1127 2866 1174 2944 τὰ
1196 2865 1331 2966 δένδρα
1363 2860 1421 2940 ὅσ’
1442 2858 1493 2938 δν
1521 2855 1545 2960 ᾖ

162 2997 205 3067 ἐν
221 2990 276 3094 τῷ
290 2995 436 3092 χωρίῳ.
628 3078 632 3085 ,
760 2998 946 3092 (Boeckh.
972 2998 1086 3102 Oorp.
1105 2999 1271 3101 inscript.
1291 2997 1337 3074 N.
1357 2993 1438 3088 93.)

661 3258 664 3263 ,
798 3176 913 3254 1533.
985 3244 990 3253 .

269 3316 416 3419 Elapsio
436 3315 694 3395 conductionis
713 3320 838 3416 annis,
867 3319 1112 3398 conductores
1130 3319 1324 3396 dimidium
1343 3315 1463 3394 solum
1480 3341 1546 3390 vu·

162 3466 267 3517 cuum
299 3445 395 3535 (non
424 3443 626 3537 consitum)
652 3441 828 3538 reddunt,
867 3454 904 3524 et
931 3469 1059 3524 omnes
1087 3445 1239 3522 arboreo
1268 3444 1430 3548 quaein
1461 3441 1546 3520 fun·

162 3564 325 3645 dosunt.

204 3698 210 3708 ·
800 3675 915 3755 1533.

240 3811 359 3891 ·Ἐάν
388 3847 443 3904 τις
464 3814 634 3916 ,εἰσφορὰ
662 3810 757 3915 ὑπὲρ
784 3816 859 3894 τοῦ
880 3822 1032 3918 χωρίου
1059 3822 1235 3924 γίγνηται
1254 3822 1308 3908 είς
1327 3813 1400 3910 τὴν
1416 3816 1543 3906 πόλιν,

134 3938 252 4028 ’τούς
275 3935 549 4040 μισθώσαντας
573 3947 783 4043 εἰσφέρειν,
812 3940 882 4021 dciv
909 3942 948 4020 δὲ
980 3947 1016 4020 οἱ
1039 3951 1235 4046 μισθωταὶ
1265 3950 1544 4050 εἰσενέγκωσιν,

122 4173 124 4178 Ι
160 4058 464 4173 δγολσχίζεσθαι
483 4072 536 4155 είς
554 4065 626 4162 τὴν
639 4073 848 4169 μίσθωσιν.

199 4204 204 4212 ’
805 4199 1007 4293 (Boeckhii
1026 4199 1138 4303 Oorp.
1157 4199 1268 4280 inecr.
1288 4200 1335 4280 N.
1356 4201 1439 4299 93.)

794 4364 907 4442 1533.

237 4568 243 4580 .
266 4504 305 4581 si
335 4505 515 4584 tributum
543 4506 590 4584 de
618 4509 737 4586 fundo
757 4508 910 4588 deberet
927 4509 1023 4588 solvi
1043 4509 1204 4606 civitati,
1238 4511 1386 4589 solvont
1404 4512 1544 4590 locuto·

159 4656 238 4726 res,
268 4631 299 4707 si
320 4641 444 4708 autem
464 4632 710 4714 conductores
729 4634 927 4728 solverint,
954 4636 1158 4739 imputetur
1183 4637 1223 4714 in
1251 4637 1460 4717 mercedem
1489 4640 1543 4715 lo·

160 4755 326 4832 cationis.
1031 4845 1032 4849 Ἴ
1209 4748 1220 4766 ’

119 4875 120 4879 ’
802 4868 915 4962 1534.

185 5085 209 5114 .·
271 4999 353 5094 Τήν
382 5003 454 5108 γῆν
482 5001 554 5096 τήν
579 5014 625 5085 ἐκ
653 5009 717 5101 τῆς
744 5013 956 5113 γεωραχίας
979 5009 1034 5114 μή
1055 5019 1194 5105 ἐξεῖναι
1212 5009 1363 5117 ἐξάγειν
1377 5011 1544 5113 μηδεμιᾷ

167 5124 249 5212 ἀλλ’
272 5124 348 5222 {ide
367 5126 464 5210 αὐτὸ
483 5129 528 5213 τὸ
542 5139 705 5235 χωρίον.
814 5141 1031 5237 (Βοιείείεὶἰ
1047 5142 1158 5252 Oorp.
1178 5143 1288 5222 inscr.
1308 5143 1354 5222 N.
1376 5143 1437 5223 93.
