3436 5790
624 425 933 477 consecuturus
956 427 1006 475 no
1027 425 1087 478 tao.
1472 403 1549 479 439

158 617 347 709 consulta,
386 617 668 693 constitutiones
697 616 925 718 principum,
966 618 1087 694 edicta
1114 617 1399 716 magistratuum
1429 628 1465 696 et
1493 627 1550 695 're-

158 767 298 843 sponsa
318 742 556 844 prudentium
586 743 679 839 legis
710 744 829 816 vicem
858 743 1089 818 obtinebant.
1129 742 1208 835 (Cf.
1241 743 1355 843 Gaji
1382 743 1549 820 Instit.

158 868 347 963 1,2-7.)

266 992 421 1071 Cicer.
441 993 555 1093 Top.
576 1019 606 1069 c.
629 996 684 1069 5.:
710 993 742 1068 si
767 992 850 1091 quis
863 993 927 1093 jus
948 992 1056 1068 civile
1076 993 1177 1070 dieat
1195 994 1233 1072 id
1253 1017 1355 1089 esee,
1388 992 1490 1092 quod
1509 995 1548 1068 in

160 1118 326 1217 legibus,
343 1120 709 1211 senatusconsultis,
736 1119 850 1195 rebus
863 1118 1060 1218 judicatis,
1084 1121 1406 1221 jurisperitorum
1426 1132 1549 1196 arieto-

160 1245 289 1341 n'tate,
311 1246 441 1322 edictis
462 1247 745 1343 magistratuum
764 1244 953 1321 consistat

268 1387 325 1464 Cf.
355 1387 607 1464 Lelidvre:
637 1388 682 1464 de
714 1388 841 1486 legum
870 1390 956 1467 XII.
982 1387 1192 1464 tabularum
1220 1392 1352 1491 patria.
1382 1391 1550 1482 (Lovan.

164 1513 298 1604 1827.)
319 1513 471 1588 Oocki
484 1542 508 1588 n
520 1541 590 1588 os:
613 1513 658 1588 de
678 1514 768 1612 lege·
776 1512 860 1590 XII.
874 1511 1094 1590 tabidarum.
1107 1515 1403 1614 (Heidelbergae
1418 1515 1551 1604 1836.)

162 1640 353 1716 Scholl:
375 1641 421 1717 de
432 1643 517 1720 XII.
529 1641 741 1718 tabularum
753 1641 881 1718 libello
892 1643 1047 1741 ejusque
1061 1641 1215 1740 origine.
1226 1642 1403 1743 (Lipsiae
1416 1641 1551 1727 1858.)

753 1851 828 1935 Ad
855 1853 962 1936 160.

269 2018 464 2097 Demosth.
484 2018 568 2094 adv.
590 2017 736 2117 Leptin.
758 2019 855 2092 485:
884 2017 937 2090 ‘iv’
965 2010 1018 2102 εἷς
1046 2008 1071 2112 ᾖ
1099 2021 1183 2112 περὶ
1212 2015 1289 2092 τῶν
1314 2009 1441 2092 ὄντων
1459 2013 1554 2091 exci-

165 2169 257 2218 στου
287 2140 404 2237 νόμος
433 2144 503 2213 καί
529 2136 583 2238 μὴ
612 2137 704 2227 τούς
734 2139 886 2226 ἰδιώτας
915 2135 1015 2215 αὐτά
1045 2143 1162 2218 redeo
1192 2139 1355 2240 ταράττῃ
1374 2147 1442 2219 καὶ
1464 2141 1553 2239 ποιῇ

164 2268 242 2344 τῶν
261 2261 433 2354 ἅπαντας
454 2261 616 2340 εἰδότων
635 2262 726 2352 τούς
757 2262 898 2363 νόμους
927 2268 1090 2341 ἔλαττον
1118 2268 1244 2361 ἔχειν,
1274 2263 1372 2341 ἀλλά
1394 2266 1511 2342 πᾶσιν
1530 2260 1554 2363 ᾗ

165 2393 271 2469 ταῦτ’
293 2390 516 2496 ἀναγνῶναι
537 2395 605 2464 καὶ
621 2396 769 2488 μαθεῖν
790 2383 894 2466 άπλά
915 2397 983 2466 καὶ
1010 2391 1117 2486 σαφῆ
1134 2388 1181 2466 τά
1202 2391 1348 2472 δίκαια.
1388 2394 1462 2489 (Ut
1481 2397 1555 2471 sin-

165 2522 262 2620 gulis
291 2521 337 2596 de
365 2522 478 2598 rebus
506 2521 609 2618 leges
639 2518 809 2617 singulae
839 2521 932 2613 sint,
962 2545 1084 2620 neque
1115 2518 1280 2597 homines
1305 2521 1498 2622 imperitos
1516 2521 1555 2596 id

166 2649 288 2747 ipsum
305 2647 449 2746 turbet,
470 2656 507 2721 et
526 2644 668 2722 efficiat
687 2654 729 2719 ut
746 2645 784 2719 hi
804 2643 985 2722 deteriore
1006 2645 1222 2722 conditione
1242 2647 1335 2740 sint,
1362 2673 1474 2746 quam
1492 2646 1555 2746 qui

167 2773 356 2849 universas
376 2772 519 2865 sciunt,
548 2769 613 2846 sed
633 2780 674 2844 ut
694 2768 827 2845 eadem
845 2767 972 2870 legere
993 2779 1030 2845 et
1051 2768 1193 2848 discere
1213 2771 1396 2872 simplicia
1415 2783 1452 2848 et
1471 2796 1553 2872 per-

167 2898 295 2999 spicua
307 2898 396 2998 jura
413 2896 522 2973 liceat
541 2895 746 2985 omnibus)

273 3039 461 3139 Archytae
480 3038 677 3114 Tarentini
701 3038 846 3136 fragm,
876 3063 922 3115 ex
940 3038 1037 3115 libro
1057 3038 1103 3116 de
1123 3038 1207 3136 lege
1226 3050 1263 3115 et
1281 3039 1422 3118 iustitia
1439 3038 1554 3133 XVI,

168 3165 223 3244 ed.
242 3164 427 3242 Mullaeh:
455 3166 524 3237 Δεῖ
550 3159 587 3234 δι’
617 3156 689 3234 τάν
719 3158 841 3259 νόμον
869 3157 1101 3237 ἀκόλουθον
1131 3153 1225 3260 ἦμεν
1247 3159 1295 3260 τᾷ
1316 3159 1454 3257 φύσει,
1485 3159 1555 3236 δυ-

169 3285 288 3367 νατὸν
315 3297 394 3375 τοῖς
423 3283 642 3388 πράγμασι,
673 3293 917 3384 συμφέροντα
944 3286 993 3384 τᾷ
1023 3288 1204 3386 πολιτικά
1233 3291 1423 3387 κοινωνίᾳ
1436 3310 1450 3387 '¹
1473 3287 1556 3362 αίτε

168 3413 240 3518 γάρ
269 3410 355 3500 ἑνὸς
382 3409 533 3487 τούτων
561 3412 644 3487 αίτε
674 3409 853 3509 πλῃὸνων
881 3412 963 3488 αἵτε
989 3408 1145 3490 πάντων
1172 3395 1442 3502 ἀπολείπεται,
1471 3407 1555 3510 ἤτοι

170 3537 215 3616 οὐ
236 3537 355 3638 νόμος
377 3532 398 3628 ἢ
421 3534 467 3612 οὐ
489 3543 628 3625 τέλειος
648 3536 766 3636 νόμος
785 3545 932 3616 ἐσεῖται.
968 3533 1219 3626 Ἀκόλουθος
1241 3541 1318 3637 μὲν
1344 3532 1402 3613 ὦν
1429 3567 1482 3612 κα
1499 3538 1556 3629 εἴη

168 3662 214 3766 τᾷ
244 3662 358 3759 φύσει
381 3663 614 3762 μιμούμενος
642 3659 687 3738 τά
718 3661 785 3751 τάς
813 3657 952 3756 φύσιος
981 3658 1158 3738 δίκαιον·
1186 3660 1305 3739 τοῦτο
1334 3660 1374 3738 δέ
1401 3649 1480 3738 ἐντι
1508 3660 1554 3737 τά

170 3786 367 3895 ἀνάλογον
385 3794 453 3866 καί
473 3785 518 3865 τά
545 3786 757 3888 ἐπιβάλλον
776 3787 926 3888 ἑκάστῳ
956 3783 1107 3867 καττάν
1136 3786 1283 3867 ἑκάστω
1312 3772 1438 3885 ἀξίαν.
1478 3793 1557 3863 Δο-

170 3911 284 4001 νατὸς
305 3910 364 4004 δὲ,
395 3919 439 3990 αι’
456 3920 543 3991 ποτὶ
564 3911 635 4003 τάς
656 3919 993 4013 νομοθετουμένοις
1013 3916 1091 4012 ἔχει
1111 3911 1186 3990 τάν
1205 3909 1467 4029 συναρμογάν.
1488 3973 1496 3993 .
1517 3974 1525 3992 .
1547 3973 1555 3992 .

169 4047 388 4140 assessor
417 4038 454 4115 δὲ
484 4039 531 4141 τᾷ
562 4036 743 4142 πολιτικά
772 4044 986 4141 κοινωνίᾳ,
1016 4041 1112 4115 αἴκα
1136 4037 1192 4141 μὴ
1218 4037 1418 4140 μόναρχος
1444 4031 1557 4136 rinus*

170 4163 371 4261 ίδιωφελὴς
399 4155 421 4239 δ
454 4162 593 4263 νόμος,
626 4160 866 4261 κοινωφελὴς
894 4160 932 4241 δὲ
967 4171 1036 4240 καί
1066 4158 1128 4241 διά
1159 4160 1315 4241 πάντων
1343 4162 1555 4241 διατείνων.

170 4294 354 4396 (Oportet
373 4305 498 4371 autem
517 4295 642 4395 legem
671 4318 752 4372 esse
784 4304 939 4371 naturae
970 4293 1276 4389 convenientem,
1306 4321 1346 4370 re
1365 4294 1448 4398 ipsa
1467 4294 1557 4370 vali-

170 4420 274 4516 dam,
296 4420 394 4496 civili
414 4421 583 4498 societati
603 4418 753 4498 utilem:
781 4419 861 4496 sive
881 4421 980 4497 enim
998 4420 1063 4495 uni
1082 4418 1213 4496 harum
1232 4445 1355 4496 rerum
1375 4421 1454 4496 sive
1474 4421 1557 4522 plu·

169 4546 271 4624 ribus
300 4547 378 4623 sive
409 4547 581 4624 omnibus
611 4572 688 4622 non
717 4544 898 4639 sufficiat,
930 4557 994 4621 aut
1021 4545 1172 4623 omnino
1201 4573 1278 4621 non
1298 4545 1368 4622 erit
1386 4546 1465 4639 lex,
1495 4555 1560 4620 aut

170 4699 246 4748 non
266 4672 432 4773 perfecta
450 4674 521 4749 lex.
561 4674 726 4748 Naturae
745 4671 859 4773 igitur
887 4683 1138 4748 consentanea
1165 4668 1296 4768 fuerit,
1327 4670 1358 4751 si
1371 4673 1433 4772 jus
1453 4683 1559 4746 natu-

171 4824 232 4874 rae
251 4799 434 4873 imitetur:
456 4798 526 4872 hoc
547 4824 636 4873 vero
658 4797 832 4897 estquod
852 4824 922 4901 pro
933 4822 1001 4873 sua
1020 4795 1196 4896 cujusque
1218 4796 1396 4894 dignitate
1417 4796 1450 4871 ci
1470 4822 1558 4871 con-

171 4925 269 5021 gruit
289 4949 446 5023 eumque
467 4923 627 5020 attingit.
665 4922 802 4999 Valida
821 4923 910 5019 erit,
939 4922 971 4997 si
1004 4949 1088 4998 cum
1107 4922 1239 4998 ceteris
1258 4922 1405 5019 legibus
1425 4921 1558 4996 cousti-

171 5049 258 5125 tutis
283 5062 370 5149 apte
389 5049 599 5124 cohaereat.
620 5105 628 5123 .
650 5107 657 5123 .
678 5106 686 5124 .
706 5046 880 5126 Proderit
906 5073 996 5125 vero
1016 5046 1115 5124 civili
1134 5047 1321 5140 societati,
1353 5047 1384 5122 si
1402 5047 1462 5122 lex
1483 5072 1560 5122 non

173 5172 219 5251 ad
238 5175 349 5252 unius
378 5173 611 5252 dominatum
638 5183 873 5275 comparata,
902 5199 1024 5275 neque
1044 5173 1091 5250 ad
1111 5174 1295 5273 privatam
1314 5169 1560 5270 quorundam,
