3436 5790
579 401 629 456 lm
648 401 825 458 rrursaus
844 401 1125 461 neuaorrauns.
1465 383 1542 462 365

771 540 773 543 ⁵
801 596 915 675 1420.

268 733 385 812 Filiae
415 736 660 814 hereditariae
689 740 935 840 permittitur,
965 743 995 816 si
1024 744 1176 819 maritus
1206 744 1301 844 ejus,
1332 744 1394 842 qui
1423 745 1456 818 ei
1485 770 1541 819 se·

160 859 322 936 cundum
351 862 474 960 legem
502 862 654 960 obtigit,
684 866 781 939 coire
812 891 886 941 non
915 880 1062 967 posset,
1091 896 1169 944 rern
1187 894 1271 943 cum
1290 868 1370 966 ejus
1390 869 1541 969 propin·

160 985 245 1081 guis
264 985 410 1064 habere.
449 987 538 1065 Ideo
567 1000 691 1065 autem
718 1017 796 1066 non
825 1016 909 1067 cum
937 994 1088 1091 quovis,
1118 992 1183 1068 sed
1211 1018 1298 1067 cum
1317 993 1438 1067 mariti
1459 1019 1543 1091 prc-

161 1111 322 1210 pinguo,
353 1138 461 1211 quem
481 1113 563 1214 ipsa
581 1113 782 1212 delegerit,
811 1115 1053 1210 concumbat,
1083 1129 1125 1192 ut
1152 1117 1256 1192 liberi
1287 1116 1340 1192 ita
1358 1118 1436 1191 nati
1455 1142 1544 1190 con·

161 1238 356 1335 sanguinei
392 1249 515 1313 tamen
543 1238 626 1314 sint.
668 1239 839 1340 Denique
877 1243 1034 1316 maritus
1070 1253 1126 1317 ter
1162 1242 1354 1319 minimum
1389 1240 1544 1338 singulis

161 1362 351 1438 mensibus
370 1388 455 1438 cum
474 1363 550 1439 filia
568 1363 792 1441 hereditaria
811 1365 1082 1464 congrediatur.

800 1527 914 1606 1421.

271 1665 359 1742 Τῶν
386 1666 600 1766 ἐπικλήρων
628 1663 714 1744 ὅσαι
748 1664 915 1759 θητικὸν
946 1667 1146 1758 τελοῦσιν,
1181 1664 1251 1745 ἐα“ν
1274 1666 1327 1768 μὴ
1357 1667 1540 1768 βούληται

163 1790 266 1885 ἐχειν
285 1783 306 1867 δ
326 1791 516 1896 ἐγγύτατα
535 1799 690 1897 γένους,
719 1791 903 1869 ἐκδιδότω
931 1788 1087 1880 ἐπιδούς
1111 1786 1224 1891 ὁμὲν
1242 1802 1543 1892 πεντακοσιομέ-

163 1915 294 2014 διμνος
323 1922 576 2006 πεντακοσίας
605 1917 798 2018 δραχμάς,
829 1911 850 1994 ὁ
872 1917 907 1991 δ’
927 1916 1061 2005 ἱππεύς
1079 1923 1323 2016 τριακοσίας,
1354 1912 1375 1996 ὃ
1397 1919 1436 1995 δὲ
1458 1928 1543 2012 ζεο-

161 2047 264 2146 γέτης
283 2041 428 2120 ἐκατδν
446 2042 705 2135 πεντήκοντα,
735 2043 828 2143 πρὸς
847 2040 903 2131 οἷς
923 2040 1051 2135 αὐτῆς.
1084 2039 1184 2119 'Eois‘
1210 2040 1250 2118 δὲ
1279 2049 1432 2132 πλείους
1450 2037 1545 2119 ω’σιν

163 2161 336 2268 (ἄνδρες)
365 2176 408 2249 ἐν
432 2169 486 2269 τῷ
515 2165 622 2268 αὐτῷ
651 2175 773 2273 γένει,
802 2169 847 2266 τῇ
876 2168 1068 2268 ἐπικλήρῳ
1092 2166 1186 2266 πρὸς
1200 2176 1314 2268 μέρος
1333 2167 1543 2246 ἐπιδιδόναι

162 2301 347 2370 ἕκαστον·
376 2292 446 2372 ἐὰν
466 2293 503 2371 δέ
523 2305 703 2399 γυναῖκες
722 2299 874 2382 πλείους
893 2288 984 2383 ὦσι,
1001 2293 1056 2393 μὴ
1076 2293 1291 2398 ἐπάναγκες
1309 2291 1409 2370 εἶναι
1429 2301 1545 2371 πλέον

161 2415 184 2512 ἢ
196 2425 296 2519 μίαν
315 2417 501 2496 ἐκδοῦναι
519 2417 574 2520 τῷ
599 2427 635 2523 γ’
655 2424 733 2494 ἐνί·
762 2415 860 2493 ἀλλὰ
889 2414 961 2494 τδν
989 2415 1178 2523 ἐγγύτατα
1210 2418 1269 2495 δεῖ
1293 2418 1491 2496 ἐκδιδόναι
1521 2414 1546 2511 ἢ

163 2541 285 2620 αὐτὸν
304 2548 428 2642 ἔχειν·
457 2541 528 2621 ἐοὶν
556 2543 594 2619 δὲ
619 2542 673 2643 μὴ
704 2546 773 2642 ἐχῃ
803 2536 824 2620 δ
850 2542 1048 2650 ἐγγυτάτω
1077 2552 1214 2648 γένους
1243 2540 1266 2636 ἢ
1289 2542 1344 2643 μή
1365 2545 1490 2645 ἐκδῷ,
1520 2539 1541 2621 ὁ

163 2663 294 2770 ἅρχων
311 2675 606 2775 ἐπαναγκαζέτω
627 2665 651 2761 ἢ
669 2665 793 2745 αὐτὸν
813 2671 917 2767 ἔχειν
936 2665 960 2761 ἢ
977 2669 1175 2746 ἐκδοῦναι.
1201 2667 1301 2745 'Eois‘
1320 2668 1359 2746 δὲ
1374 2668 1428 2769 μὴ
1448 2678 1544 2746 ἐπα-

163 2795 337 2901 ναγκάσῃ
359 2788 380 2873 δ
401 2790 544 2895 δι’ρχων,
565 2791 744 2891 ὀφειλέτω
758 2799 893 2892 χιλίας
912 2791 1084 2897 δραχμὰς
1102 2792 1204 2895 ἱερὰς
1222 2793 1267 2894 τῇ
1288 2788 1414 2895 Ἥρᾳ·
1443 2792 1543 2870 ἀπο-

162 2929 333 3026 γραφέτω
363 2921 400 2997 δὲ
430 2919 500 2998 τὸν
522 2918 577 3020 μή
607 2918 796 2996 ποιοῦντα
827 2919 949 2996 ταῦτα
975 2913 996 2997 ὁ
1016 2919 1253 3021 βουλόμενος
1273 2915 1364 3018 πρὸς
1383 2918 1453 2997 τὸν
1469 2913 1543 3021 α’έρ-

157 3075 294 3142 χοντα.
632 3051 843 3145 (Demosth.
865 3050 948 3129 adr.
968 3051 1120 3127 Macart
1143 3051 1436 3143 1067-1068.)

792 3214 906 3291 1421.
1492 3158 1496 3165 ²

267 3358 446 3434 Filiarum
464 3356 791 3452 hereditariarum,
820 3380 916 3458 quae
944 3357 1061 3432 infimi
1089 3356 1227 3434 ordinis
1247 3369 1351 3452 sunt,
1382 3358 1543 3459 siquam

163 3484 295 3561 ducere
314 3484 475 3562 noluerit
492 3508 630 3583 genere
655 3484 866 3584 proximus,
897 3483 982 3559 dote
1002 3483 1089 3559 data
1106 3481 1308 3578 collocato,
1337 3485 1540 3584 etquidem

162 3609 586 3711 pentacosiomedimnus
614 3609 828 3710 quingentis
856 3609 1060 3702 drachmis,
1090 3634 1201 3708 eques
1221 3608 1414 3701 trecentis,
1447 3611 1540 3686 Zeu·

162 3739 255 3838 gites
274 3748 423 3813 centum
442 3736 732 3837 quinquaginta,
763 3747 911 3838 praeter
939 3761 1104 3835 eaquae
1133 3733 1214 3836 ipsa
1241 3733 1365 3810 habet.
1400 3732 1440 3809 si
1459 3735 1541 3835 plu-

161 3890 218 3938 res
238 3864 377 3939 fuerint
396 3863 488 3954 (viri
506 3887 646 3959 genere
666 3863 869 3963 proximi),
901 3863 997 3937 filiae
1018 3860 1262 3938 hereditariae
1282 3887 1351 3961 pro
1371 3862 1539 3960 portione

162 3989 314 4088 quisque
334 3987 520 4079 conferat3
548 3987 578 4061 si
598 3997 721 4063 aretem
739 3988 911 4064 mulieres
930 3989 1057 4089 plures
1075 3987 1233 4080 fuerint,
1258 4011 1306 4060 ne
1325 4009 1474 4059 necesse
1494 3985 1541 4059 sit

161 4115 222 4189 uni
242 4115 364 4206 (viro)
393 4113 477 4215 plus
505 4139 582 4188 una
609 4113 775 4213 (puella)
804 4112 1005 4208 collocare,
1035 4112 1100 4188 sed
1129 4111 1321 4214 proximus
1347 4128 1407 4185 aut
1424 4111 1539 4186 collo-

161 4252 242 4316 cato
263 4251 326 4316 aut
344 4238 478 4314 ducito.
518 4238 599 4314 Nisi
618 4249 741 4314 autem
759 4265 899 4337 genere
922 4239 1115 4341 proximus
1136 4263 1218 4313 eam
1238 4237 1299 4311 vel
1318 4235 1461 4313 duxerit
1479 4238 1540 4312 vel

161 4368 369 4462 collocarit,
390 4365 525 4442 archon
546 4393 628 4442 eum
650 4378 760 4463 cogat
778 4380 842 4443 aut
860 4365 995 4443 ducere
1014 4376 1079 4442 aut
1097 4363 1300 4460 collocare3
1327 4362 1396 4438 nisi
1413 4375 1540 4438 autem

161 4493 300 4569 archon
330 4496 512 4592 coegerit,
541 4493 675 4569 debeat
706 4495 806 4571 mille
831 4493 1025 4571 drachmas
1053 4492 1081 4567 J
1084 4493 1197 4568 unoni
1225 4517 1360 4566 sacras.
1398 4490 1539 4566 indicet

160 4631 282 4695 autem
301 4646 406 4714 eum,
427 4619 497 4694 nisi
517 4620 663 4713 fecerit,
687 4621 809 4718 quivis
828 4619 1008 4696 archonti.
