<?xml version="1.0" encoding="UTF-8"?>
<!DOCTYPE html PUBLIC "-//W3C//DTD XHTML 1.0 Transitional//EN"
    "http://www.w3.org/TR/xhtml1/DTD/xhtml1-transitional.dtd">
<html xmlns="http://www.w3.org/1999/xhtml" xml:lang="en" lang="en">
 <head>
  <title>
</title>
<meta http-equiv="Content-Type" content="text/html;charset=utf-8" />
  <meta name='ocr-system' content='tesseract 3.04.00' />
  <meta name='ocr-capabilities' content='ocr_page ocr_carea ocr_par ocr_line ocrx_word'/>
</head>
<body>
  <div class='ocr_page' id='page_1' title='image "./synaggtnattiknn00tlgoog_0228.png"; bbox 0 0 3436 5790; ppageno 0'>
   <div class='ocr_carea' id='block_1_1' title="bbox 778 439 1070 492">
    <p class='ocr_par' dir='ltr' id='par_1_1' title="bbox 778 439 1070 492">
     <span class='ocr_line' id='line_1_1' title="bbox 778 439 1070 492; baseline 0 -3"><span class='ocrx_word' id='word_1_1' title='bbox 778 441 841 492; x_wconf 78' lang='lat' dir='ltr'>JUS</span> <span class='ocrx_word' id='word_1_2' title='bbox 859 439 1070 491; x_wconf 69' lang='lat' dir='ltr'>rnamenta.</span> 
     </span>
    </p>
   </div>
   <div class='ocr_carea' id='block_1_2' title="bbox 878 627 969 703">
    <p class='ocr_par' dir='ltr' id='par_1_2' title="bbox 878 627 969 703">
     <span class='ocr_line' id='line_1_2' title="bbox 878 627 969 703; baseline 0.022 -2"><span class='ocrx_word' id='word_1_3' title='bbox 878 627 969 703; x_wconf 88' lang='grc'><strong>817.</strong></span> 
     </span>
    </p>
   </div>
   <div class='ocr_carea' id='block_1_3' title="bbox 230 747 1624 1109">
    <p class='ocr_par' dir='ltr' id='par_1_3' title="bbox 230 747 1624 1109">
     <span class='ocr_line' id='line_1_3' title="bbox 341 747 1624 849; baseline -0.004 -21"><span class='ocrx_word' id='word_1_4' title='bbox 341 749 449 828; x_wconf 79' lang='grc' dir='ltr'>Καιά</span> <span class='ocrx_word' id='word_1_5' title='bbox 469 751 547 828; x_wconf 75' lang='grc' dir='ltr'>των</span> <span class='ocrx_word' id='word_1_6' title='bbox 566 749 771 849; x_wconf 73' lang='grc' dir='ltr'>ἀρχόντων</span> <span class='ocrx_word' id='word_1_7' title='bbox 798 755 868 825; x_wconf 80' lang='grc' dir='ltr'>καὶ</span> <span class='ocrx_word' id='word_1_8' title='bbox 896 748 997 825; x_wconf 78' lang='grc' dir='ltr'>κατά</span> <span class='ocrx_word' id='word_1_9' title='bbox 1029 751 1105 826; x_wconf 77' lang='grc' dir='ltr'>ιῶν</span> <span class='ocrx_word' id='word_1_10' title='bbox 1135 752 1399 845; x_wconf 74' lang='grc' dir='ltr'><em>συκοφαντῶν</em></span> <span class='ocrx_word' id='word_1_11' title='bbox 1427 747 1624 849; x_wconf 75' lang='grc' dir='ltr'><em>προβολὰς</em></span> 
     </span>
     <span class='ocr_line' id='line_1_4' title="bbox 232 867 1623 979; baseline -0.003 -23"><span class='ocrx_word' id='word_1_12' title='bbox 232 887 274 956; x_wconf 79' lang='grc' dir='ltr'>ἑν</span> <span class='ocrx_word' id='word_1_13' title='bbox 292 879 347 979; x_wconf 69' lang='grc' dir='ltr'>τῷ</span> <span class='ocrx_word' id='word_1_14' title='bbox 366 875 473 979; x_wconf 64' lang='grc' dir='ltr'>δάμῳ</span> <span class='ocrx_word' id='word_1_15' title='bbox 492 884 697 956; x_wconf 74' lang='grc' dir='ltr'><em>τίθεσθαι·</em></span> <span class='ocrx_word' id='word_1_16' title='bbox 727 880 765 951; x_wconf 80' lang='grc' dir='ltr'><em>εἰ</em></span> <span class='ocrx_word' id='word_1_17' title='bbox 782 874 824 950; x_wconf 83' lang='grc' dir='ltr'>δι’</span> <span class='ocrx_word' id='word_1_18' title='bbox 841 905 943 963; x_wconf 81' lang='grc' dir='ltr'><em>τινος</em></span> <span class='ocrx_word' id='word_1_19' title='bbox 961 882 1371 973; x_wconf 77' lang='grc' dir='ltr'><em>καταχειροτονρθείο,</em></span> <span class='ocrx_word' id='word_1_20' title='bbox 1404 867 1520 964; x_wconf 79' lang='grc' dir='ltr'><em>οὗτος</em></span> <span class='ocrx_word' id='word_1_21' title='bbox 1540 881 1623 952; x_wconf 82' lang='grc' dir='ltr'><em>εἰσ·</em></span> 
     </span>
     <span class='ocr_line' id='line_1_5' title="bbox 230 1001 1515 1109; baseline -0.001 -30"><span class='ocrx_word' id='word_1_22' title='bbox 230 1003 363 1109; x_wconf 81' lang='grc' dir='ltr'><em>ἀγειαι</em></span> <span class='ocrx_word' id='word_1_23' title='bbox 382 1009 436 1092; x_wconf 79' lang='grc' dir='ltr'><em>εἰς</em></span> <span class='ocrx_word' id='word_1_24' title='bbox 454 1001 499 1080; x_wconf 76' lang='grc' dir='ltr'>τὸ</span> <span class='ocrx_word' id='word_1_25' title='bbox 521 1001 777 1103; x_wconf 77' lang='grc' dir='ltr'><em>δικαστήριον.</em></span> <span class='ocrx_word' id='word_1_26' title='bbox 841 1005 1131 1108; x_wconf 78' lang='lat' dir='ltr'>(Hmpooratiot</span> <span class='ocrx_word' id='word_1_27' title='bbox 1153 1007 1515 1103; x_wconf 72' lang='grc' dir='ltr'><em>καταγειροτονὶα.)</em></span> 
     </span>
    </p>
   </div>
   <div class='ocr_carea' id='block_1_4' title="bbox 883 1167 972 1244">
    <p class='ocr_par' dir='ltr' id='par_1_4' title="bbox 883 1167 972 1244">
     <span class='ocr_line' id='line_1_6' title="bbox 883 1167 972 1244; baseline 0.022 -2"><span class='ocrx_word' id='word_1_28' title='bbox 883 1167 972 1244; x_wconf 84' lang='grc'><strong>817.</strong></span> 
     </span>
    </p>
   </div>
   <div class='ocr_carea' id='block_1_5' title="bbox 232 1291 1624 1727">
    <p class='ocr_par' dir='ltr' id='par_1_5' title="bbox 232 1291 1624 1620">
     <span class='ocr_line' id='line_1_7' title="bbox 338 1291 1624 1396; baseline -0.001 -28"><span class='ocrx_word' id='word_1_29' title='bbox 338 1294 482 1371; x_wconf 83' lang='lat' dir='ltr'>Contra</span> <span class='ocrx_word' id='word_1_30' title='bbox 491 1295 729 1396; x_wconf 80' lang='lat' dir='ltr'>magistratus</span> <span class='ocrx_word' id='word_1_31' title='bbox 739 1305 777 1369; x_wconf 91' lang='lat' dir='ltr'>et</span> <span class='ocrx_word' id='word_1_32' title='bbox 787 1291 1038 1394; x_wconf 84' lang='lat' dir='ltr'>sycophantas</span> <span class='ocrx_word' id='word_1_33' title='bbox 1058 1295 1254 1393; x_wconf 84' lang='lat' dir='ltr'>quaerelae</span> <span class='ocrx_word' id='word_1_34' title='bbox 1271 1295 1513 1371; x_wconf 82' lang='lat' dir='ltr'>instituantur</span> <span class='ocrx_word' id='word_1_35' title='bbox 1522 1292 1624 1393; x_wconf 79' lang='lat' dir='ltr'>apud</span> 
     </span>
     <span class='ocr_line' id='line_1_8' title="bbox 233 1416 1624 1521; baseline 0.001 -29"><span class='ocrx_word' id='word_1_36' title='bbox 233 1416 424 1518; x_wconf 87' lang='lat' dir='ltr'>populum.</span> <span class='ocrx_word' id='word_1_37' title='bbox 464 1421 513 1496; x_wconf 85' lang='lat' dir='ltr'>Et</span> <span class='ocrx_word' id='word_1_38' title='bbox 531 1447 642 1521; x_wconf 86' lang='lat' dir='ltr'>quem</span> <span class='ocrx_word' id='word_1_39' title='bbox 662 1420 826 1521; x_wconf 84' lang='lat' dir='ltr'>populns</span> <span class='ocrx_word' id='word_1_40' title='bbox 845 1419 1034 1520; x_wconf 74' lang='lat' dir='ltr'>suffragiis</span> <span class='ocrx_word' id='word_1_41' title='bbox 1054 1418 1306 1515; x_wconf 84' lang='lat' dir='ltr'>damnaverit,</span> <span class='ocrx_word' id='word_1_42' title='bbox 1335 1420 1367 1494; x_wconf 82' lang='lat' dir='ltr'>ia</span> <span class='ocrx_word' id='word_1_43' title='bbox 1386 1420 1425 1494; x_wconf 89' lang='lat' dir='ltr'>in</span> <span class='ocrx_word' id='word_1_44' title='bbox 1438 1417 1624 1519; x_wconf 84' lang='lat' dir='ltr'>judicium</span> 
     </span>
     <span class='ocr_line' id='line_1_9' title="bbox 232 1543 491 1620; baseline 0.012 -3"><span class='ocrx_word' id='word_1_45' title='bbox 232 1543 491 1620; x_wconf 80' lang='lat' dir='ltr'>introducinn.</span> 
     </span>
    </p>

    <p class='ocr_par' dir='ltr' id='par_1_6' title="bbox 878 1651 968 1727">
     <span class='ocr_line' id='line_1_10' title="bbox 878 1651 968 1727; baseline 0.022 -2"><span class='ocrx_word' id='word_1_46' title='bbox 878 1651 968 1727; x_wconf 97' lang='grc'><strong>818.</strong></span> 
     </span>
    </p>
   </div>
   <div class='ocr_carea' id='block_1_6' title="bbox 228 1771 1626 2373">
    <p class='ocr_par' dir='ltr' id='par_1_7' title="bbox 228 1771 1626 2373">
     <span class='ocr_line' id='line_1_11' title="bbox 341 1771 1624 1873; baseline 0 -26"><span class='ocrx_word' id='word_1_47' title='bbox 341 1778 671 1872; x_wconf 71' lang='grc' dir='ltr'><em>Καταχειροτονία</em></span> <span class='ocrx_word' id='word_1_48' title='bbox 690 1773 728 1849; x_wconf 82' lang='grc' dir='ltr'>δὲ</span> <span class='ocrx_word' id='word_1_49' title='bbox 750 1771 1068 1871; x_wconf 71' lang='grc' dir='ltr'><em>ἀποχειροτονίας</em></span> <span class='ocrx_word' id='word_1_50' title='bbox 1087 1774 1276 1873; x_wconf 69' lang='grc' dir='ltr'><em>διαφέρει·</em></span> <span class='ocrx_word' id='word_1_51' title='bbox 1296 1777 1624 1871; x_wconf 70' lang='grc' dir='ltr'><em>καταχειροτονία</em></span> 
     </span>
     <span class='ocr_line' id='line_1_12' title="bbox 228 1891 1626 2002; baseline -0.001 -30"><span class='ocrx_word' id='word_1_52' title='bbox 228 1899 304 1995; x_wconf 78' lang='grc' dir='ltr'>μὲν</span> <span class='ocrx_word' id='word_1_53' title='bbox 321 1895 394 2001; x_wconf 90' lang='grc' dir='ltr'>γάρ</span> <span class='ocrx_word' id='word_1_54' title='bbox 413 1904 560 2002; x_wconf 82' lang='grc' dir='ltr'><em>γίνεται</em></span> <span class='ocrx_word' id='word_1_55' title='bbox 580 1894 702 1974; x_wconf 74' lang='grc' dir='ltr'><em>οὕτω·</em></span> <span class='ocrx_word' id='word_1_56' title='bbox 733 1904 828 2002; x_wconf 71' lang='grc' dir='ltr'><em>λέγει</em></span> <span class='ocrx_word' id='word_1_57' title='bbox 849 1891 872 1975; x_wconf 87' lang='grc' dir='ltr'><em>ἀ</em></span> <span class='ocrx_word' id='word_1_58' title='bbox 893 1899 1013 1996; x_wconf 77' lang='grc' dir='ltr'><em>κῆρυξ</em></span> <span class='ocrx_word' id='word_1_59' title='bbox 1033 1895 1109 1975; x_wconf 80' lang='grc' dir='ltr'>ὅτω</span> <span class='ocrx_word' id='word_1_60' title='bbox 1129 1893 1152 1977; x_wconf 83' lang='grc' dir='ltr'><em>ἀ</em></span> <span class='ocrx_word' id='word_1_61' title='bbox 1173 1900 1280 1976; x_wconf 83' lang='grc' dir='ltr'><em>δεῖνα</em></span> <span class='ocrx_word' id='word_1_62' title='bbox 1300 1895 1323 1990; x_wconf 75' lang='grc' dir='ltr'><strong><em>ἢ</em></strong></span> <span class='ocrx_word' id='word_1_63' title='bbox 1341 1891 1363 1976; x_wconf 86' lang='grc' dir='ltr'><em>ἀ</em></span> <span class='ocrx_word' id='word_1_64' title='bbox 1384 1899 1493 1975; x_wconf 80' lang='grc' dir='ltr'><em>δεῖνα</em></span> <span class='ocrx_word' id='word_1_65' title='bbox 1512 1896 1626 1973; x_wconf 76' lang='grc' dir='ltr'><em>δοκεῖ</em></span> 
     </span>
     <span class='ocr_line' id='line_1_13' title="bbox 232 2019 1625 2127; baseline 0 -30"><span class='ocrx_word' id='word_1_66' title='bbox 232 2020 407 2114; x_wconf 80' lang='grc' dir='ltr'><em>ἀδικεῖν,</em></span> <span class='ocrx_word' id='word_1_67' title='bbox 437 2021 565 2123; x_wconf 87' lang='grc' dir='ltr'><em>ἀράιω</em></span> <span class='ocrx_word' id='word_1_68' title='bbox 585 2019 656 2114; x_wconf 68' lang='grc' dir='ltr'>τὴν</span> <span class='ocrx_word' id='word_1_69' title='bbox 669 2035 805 2127; x_wconf 77' lang='grc' dir='ltr'><em>χεῖρα·</em></span> <span class='ocrx_word' id='word_1_70' title='bbox 835 2021 918 2099; x_wconf 78' lang='grc' dir='ltr'><em>εἶτα</em></span> <span class='ocrx_word' id='word_1_71' title='bbox 946 2027 982 2099; x_wconf 81' lang='grc' dir='ltr'>οὶ</span> <span class='ocrx_word' id='word_1_72' title='bbox 1013 2032 1189 2114; x_wconf 78' lang='grc' dir='ltr'><em>θέλοντες</em></span> <span class='ocrx_word' id='word_1_73' title='bbox 1213 2030 1429 2102; x_wconf 74' lang='grc' dir='ltr'><em>ἐκτείνουσι</em></span> <span class='ocrx_word' id='word_1_74' title='bbox 1448 2021 1517 2114; x_wconf 80' lang='grc' dir='ltr'>τάς</span> <span class='ocrx_word' id='word_1_75' title='bbox 1531 2033 1625 2120; x_wconf 73' lang='grc' dir='ltr'><em>χεῖ-</em></span> 
     </span>
     <span class='ocr_line' id='line_1_14' title="bbox 232 2141 1622 2251; baseline 0.001 -29"><span class='ocrx_word' id='word_1_76' title='bbox 232 2175 318 2245; x_wconf 86' lang='grc' dir='ltr'><em>ρας·</em></span> <span class='ocrx_word' id='word_1_77' title='bbox 348 2145 646 2248; x_wconf 69' lang='grc' dir='ltr'><em>ἀποχειροτονία</em></span> <span class='ocrx_word' id='word_1_78' title='bbox 667 2147 704 2225; x_wconf 80' lang='grc' dir='ltr'>δὲ</span> <span class='ocrx_word' id='word_1_79' title='bbox 725 2146 867 2237; x_wconf 74' lang='grc' dir='ltr'><em>οὕτως·</em></span> <span class='ocrx_word' id='word_1_80' title='bbox 898 2143 973 2225; x_wconf 78' lang='grc' dir='ltr'><em>ἀιω</em></span> <span class='ocrx_word' id='word_1_81' title='bbox 995 2150 1050 2251; x_wconf 71' lang='grc' dir='ltr'>μή</span> <span class='ocrx_word' id='word_1_82' title='bbox 1081 2148 1194 2229; x_wconf 75' lang='grc' dir='ltr'><em>δοκεῖ</em></span> <span class='ocrx_word' id='word_1_83' title='bbox 1215 2142 1407 2228; x_wconf 78' lang='grc' dir='ltr'><em>ἀδικεῑνά</em></span> <span class='ocrx_word' id='word_1_84' title='bbox 1430 2149 1538 2225; x_wconf 80' lang='grc' dir='ltr'><em>δεῖνα</em></span> <span class='ocrx_word' id='word_1_85' title='bbox 1557 2144 1581 2239; x_wconf 75' lang='grc' dir='ltr'><em>ἢ</em></span> <span class='ocrx_word' id='word_1_86' title='bbox 1600 2141 1622 2223; x_wconf 85' lang='grc' dir='ltr'><em>ἀ</em></span> 
     </span>
     <span class='ocr_line' id='line_1_15' title="bbox 233 2271 1624 2373; baseline 0.002 -26"><span class='ocrx_word' id='word_1_87' title='bbox 233 2271 339 2349; x_wconf 79' lang='grc' dir='ltr'><em>δεῖνα</em></span> <span class='ocrx_word' id='word_1_88' title='bbox 350 2332 360 2365; x_wconf 89' lang='grc'><strong>,</strong></span> <span class='ocrx_word' id='word_1_89' title='bbox 391 2271 516 2373; x_wconf 80' lang='grc' dir='ltr'><em>ἀράτω</em></span> <span class='ocrx_word' id='word_1_90' title='bbox 544 2272 615 2366; x_wconf 72' lang='grc' dir='ltr'>τὴν</span> <span class='ocrx_word' id='word_1_91' title='bbox 638 2285 772 2373; x_wconf 77' lang='grc' dir='ltr'><em>χεῖρα·</em></span> <span class='ocrx_word' id='word_1_92' title='bbox 811 2281 880 2350; x_wconf 86' lang='grc' dir='ltr'>καὶ</span> <span class='ocrx_word' id='word_1_93' title='bbox 909 2279 1144 2351; x_wconf 80' lang='grc' dir='ltr'><em>ἑκτεὶνουσι’</em></span> <span class='ocrx_word' id='word_1_94' title='bbox 1183 2272 1323 2352; x_wconf 80' lang='grc' dir='ltr'><em>λοιπὸν</em></span> <span class='ocrx_word' id='word_1_95' title='bbox 1352 2273 1473 2364; x_wconf 82' lang='grc' dir='ltr'><em>πάσας</em></span> <span class='ocrx_word' id='word_1_96' title='bbox 1500 2271 1624 2373; x_wconf 75' lang='grc' dir='ltr'><em>ἀριθ-</em></span> 
     </span>
    </p>
   </div>
   <div class='ocr_carea' id='block_1_7' title="bbox 228 2393 1623 2627">
    <p class='ocr_par' dir='ltr' id='par_1_8' title="bbox 228 2393 1623 2627">
     <span class='ocr_line' id='line_1_16' title="bbox 228 2393 1623 2506; baseline 0.001 -30"><span class='ocrx_word' id='word_1_97' title='bbox 228 2400 348 2496; x_wconf 82' lang='grc' dir='ltr'><em>μοῦσι</em></span> <span class='ocrx_word' id='word_1_98' title='bbox 368 2400 434 2489; x_wconf 83' lang='grc' dir='ltr'>τάς</span> <span class='ocrx_word' id='word_1_99' title='bbox 446 2413 588 2506; x_wconf 78' lang='grc' dir='ltr'><em>χεῖρας.</em></span> <span class='ocrx_word' id='word_1_100' title='bbox 628 2408 704 2476; x_wconf 76' lang='grc' dir='ltr'>Καὶ</span> <span class='ocrx_word' id='word_1_101' title='bbox 734 2394 806 2501; x_wconf 76' lang='grc' dir='ltr'>ἀρᾷ</span> <span class='ocrx_word' id='word_1_102' title='bbox 836 2393 857 2479; x_wconf 84' lang='grc' dir='ltr'><em>ἀ</em></span> <span class='ocrx_word' id='word_1_103' title='bbox 884 2400 1009 2502; x_wconf 73' lang='grc' dir='ltr'><em>κῆρυξ</em></span> <span class='ocrx_word' id='word_1_104' title='bbox 1037 2413 1144 2480; x_wconf 76' lang='grc' dir='ltr'><em>ποῖαι</em></span> <span class='ocrx_word' id='word_1_105' title='bbox 1166 2408 1319 2492; x_wconf 78' lang='grc' dir='ltr'><em>πλείους</em></span> <span class='ocrx_word' id='word_1_106' title='bbox 1337 2407 1430 2480; x_wconf 75' lang='grc' dir='ltr'><em>εἶσὶ·</em></span> <span class='ocrx_word' id='word_1_107' title='bbox 1458 2399 1623 2500; x_wconf 78' lang='grc' dir='ltr'><em>πότερον</em></span> 
     </span>
     <span class='ocr_line' id='line_1_17' title="bbox 232 2522 1620 2627; baseline 0.001 -25"><span class='ocrx_word' id='word_1_108' title='bbox 232 2526 310 2602; x_wconf 79' lang='grc' dir='ltr'>τῶν</span> <span class='ocrx_word' id='word_1_109' title='bbox 337 2525 574 2622; x_wconf 77' lang='grc' dir='ltr'><em>φασκόντων</em></span> <span class='ocrx_word' id='word_1_110' title='bbox 601 2523 727 2603; x_wconf 78' lang='grc' dir='ltr'><em>αὑτὸν</em></span> <span class='ocrx_word' id='word_1_111' title='bbox 754 2524 907 2605; x_wconf 81' lang='grc' dir='ltr'><em>ἀδικεῖν</em></span> <span class='ocrx_word' id='word_1_112' title='bbox 934 2524 956 2620; x_wconf 73' lang='grc' dir='ltr'><em>ἢ</em></span> <span class='ocrx_word' id='word_1_113' title='bbox 980 2526 1056 2627; x_wconf 74' lang='grc' dir='ltr'>μὴ·</span> <span class='ocrx_word' id='word_1_114' title='bbox 1084 2536 1154 2606; x_wconf 84' lang='grc' dir='ltr'>καὶ</span> <span class='ocrx_word' id='word_1_115' title='bbox 1174 2525 1262 2607; x_wconf 85' lang='grc' dir='ltr'><em>ὅσαι</em></span> <span class='ocrx_word' id='word_1_116' title='bbox 1282 2524 1335 2606; x_wconf 83' lang='grc' dir='ltr'>ἀν</span> <span class='ocrx_word' id='word_1_117' title='bbox 1352 2522 1422 2604; x_wconf 79' lang='grc' dir='ltr'><em>ὦσι</em></span> <span class='ocrx_word' id='word_1_118' title='bbox 1442 2531 1620 2615; x_wconf 77' lang='grc' dir='ltr'><em>πλείους,</em></span> 
     </span>
    </p>
   </div>
   <div class='ocr_carea' id='block_1_8' title="bbox 233 2647 1512 2760">
    <p class='ocr_par' dir='ltr' id='par_1_9' title="bbox 233 2647 1512 2760">
     <span class='ocr_line' id='line_1_18' title="bbox 233 2647 1512 2760; baseline -0.001 -31"><span class='ocrx_word' id='word_1_119' title='bbox 233 2659 314 2729; x_wconf 80' lang='grc' dir='ltr'><em>ἐκεῖ</em></span> <span class='ocrx_word' id='word_1_120' title='bbox 328 2658 398 2729; x_wconf 83' lang='grc' dir='ltr'><strong><em>καί</em></strong></span> <span class='ocrx_word' id='word_1_121' title='bbox 421 2647 440 2745; x_wconf 75' lang='grc' dir='ltr'><strong><em>ἦ</em></strong></span> <span class='ocrx_word' id='word_1_122' title='bbox 461 2652 593 2758; x_wconf 77' lang='grc' dir='ltr'><em>γνώμη</em></span> <span class='ocrx_word' id='word_1_123' title='bbox 611 2663 754 2753; x_wconf 78' lang='grc' dir='ltr'><em>κρατεῖ.</em></span> <span class='ocrx_word' id='word_1_124' title='bbox 884 2658 1174 2760; x_wconf 69' lang='lat' dir='ltr'>(Harpocratim</span> <span class='ocrx_word' id='word_1_125' title='bbox 1196 2654 1512 2754; x_wconf 79' lang='grc' dir='ltr'><em>διαχειροτονὶα.)</em></span> 
     </span>
    </p>
   </div>
   <div class='ocr_carea' id='block_1_9' title="bbox 882 2819 971 2895">
    <p class='ocr_par' dir='ltr' id='par_1_10' title="bbox 882 2819 971 2895">
     <span class='ocr_line' id='line_1_19' title="bbox 882 2819 971 2895; baseline -0.022 -2"><span class='ocrx_word' id='word_1_126' title='bbox 882 2819 971 2895; x_wconf 91' lang='grc'><strong>818.</strong></span> 
     </span>
    </p>
   </div>
   <div class='ocr_carea' id='block_1_10' title="bbox 233 2944 1624 4050">
    <p class='ocr_par' dir='ltr' id='par_1_11' title="bbox 233 2944 1624 4050">
     <span class='ocr_line' id='line_1_20' title="bbox 339 2944 1623 3046; baseline 0.002 -27"><span class='ocrx_word' id='word_1_127' title='bbox 339 2944 477 3020; x_wconf 86' lang='lat' dir='ltr'>Differt</span> <span class='ocrx_word' id='word_1_128' title='bbox 493 2955 620 3020; x_wconf 82' lang='lat' dir='ltr'>autem</span> <span class='ocrx_word' id='word_1_129' title='bbox 639 2945 900 3021; x_wconf 83' lang='lat' dir='ltr'>condemnatio</span> <span class='ocrx_word' id='word_1_130' title='bbox 919 2971 987 3046; x_wconf 85' lang='lat' dir='ltr'>per</span> <span class='ocrx_word' id='word_1_131' title='bbox 1006 2973 1183 3023; x_wconf 88' lang='lat' dir='ltr'>mannum</span> <span class='ocrx_word' id='word_1_132' title='bbox 1210 2946 1463 3024; x_wconf 79' lang='lat' dir='ltr'>elevationem</span> <span class='ocrx_word' id='word_1_133' title='bbox 1486 2944 1536 3021; x_wconf 86' lang='lat' dir='ltr'>ab</span> <span class='ocrx_word' id='word_1_134' title='bbox 1555 2945 1623 3022; x_wconf 85' lang='lat' dir='ltr'>ab·</span> 
     </span>
     <span class='ocr_line' id='line_1_21' title="bbox 233 3068 1624 3170; baseline -0.001 -27"><span class='ocrx_word' id='word_1_135' title='bbox 233 3068 416 3144; x_wconf 89' lang='lat' dir='ltr'>solutione</span> <span class='ocrx_word' id='word_1_136' title='bbox 453 3094 521 3170; x_wconf 87' lang='lat' dir='ltr'>per</span> <span class='ocrx_word' id='word_1_137' title='bbox 557 3094 736 3145; x_wconf 87' lang='lat' dir='ltr'>manuum</span> <span class='ocrx_word' id='word_1_138' title='bbox 773 3069 1033 3147; x_wconf 82' lang='lat' dir='ltr'>elevationem.</span> <span class='ocrx_word' id='word_1_139' title='bbox 1070 3071 1142 3148; x_wconf 87' lang='lat' dir='ltr'>Illa</span> <span class='ocrx_word' id='word_1_140' title='bbox 1178 3072 1281 3149; x_wconf 91' lang='lat' dir='ltr'>enim</span> <span class='ocrx_word' id='word_1_141' title='bbox 1316 3073 1371 3148; x_wconf 81' lang='lat' dir='ltr'>aio</span> <span class='ocrx_word' id='word_1_142' title='bbox 1398 3070 1624 3147; x_wconf 74' lang='lat' dir='ltr'>institnitin:</span> 
     </span>
     <span class='ocr_line' id='line_1_22' title="bbox 234 3193 1624 3295; baseline 0.002 -27"><span class='ocrx_word' id='word_1_143' title='bbox 234 3219 368 3295; x_wconf 82' lang='lat' dir='ltr'>praeco</span> <span class='ocrx_word' id='word_1_144' title='bbox 387 3194 495 3271; x_wconf 82' lang='lat' dir='ltr'>dicit:</span> <span class='ocrx_word' id='word_1_145' title='bbox 524 3194 582 3270; x_wconf 86' lang='lat' dir='ltr'>oui</span> <span class='ocrx_word' id='word_1_146' title='bbox 602 3193 663 3269; x_wconf 88' lang='lat' dir='ltr'>hio</span> <span class='ocrx_word' id='word_1_147' title='bbox 681 3196 742 3273; x_wconf 89' lang='lat' dir='ltr'>vel</span> <span class='ocrx_word' id='word_1_148' title='bbox 761 3195 823 3271; x_wconf 89' lang='lat' dir='ltr'>ille</span> <span class='ocrx_word' id='word_1_149' title='bbox 851 3195 1015 3272; x_wconf 80' lang='lat' dir='ltr'>oriminis</span> <span class='ocrx_word' id='word_1_150' title='bbox 1043 3223 1129 3273; x_wconf 86' lang='lat' dir='ltr'>reus</span> <span class='ocrx_word' id='word_1_151' title='bbox 1158 3224 1239 3274; x_wconf 81' lang='lat' dir='ltr'>esse</span> <span class='ocrx_word' id='word_1_152' title='bbox 1269 3196 1439 3290; x_wconf 88' lang='lat' dir='ltr'>videtur,</span> <span class='ocrx_word' id='word_1_153' title='bbox 1468 3222 1624 3273; x_wconf 82' lang='lat' dir='ltr'>manum</span> 
     </span>
     <span class='ocr_line' id='line_1_23' title="bbox 233 3318 1624 3421; baseline 0.002 -27"><span class='ocrx_word' id='word_1_154' title='bbox 233 3319 352 3396; x_wconf 89' lang='lat' dir='ltr'>tollat</span> <span class='ocrx_word' id='word_1_155' title='bbox 409 3318 518 3395; x_wconf 85' lang='lat' dir='ltr'>Tunc</span> <span class='ocrx_word' id='word_1_156' title='bbox 547 3321 609 3421; x_wconf 92' lang='lat' dir='ltr'>qui</span> <span class='ocrx_word' id='word_1_157' title='bbox 644 3319 794 3402; x_wconf 87' lang='lat' dir='ltr'>volunt.</span> <span class='ocrx_word' id='word_1_158' title='bbox 824 3349 975 3397; x_wconf 88' lang='lat' dir='ltr'>manum</span> <span class='ocrx_word' id='word_1_159' title='bbox 1004 3323 1220 3399; x_wconf 81' lang='lat' dir='ltr'>extendunt.</span> <span class='ocrx_word' id='word_1_160' title='bbox 1263 3321 1459 3399; x_wconf 81' lang='lat' dir='ltr'>Absolutio</span> <span class='ocrx_word' id='word_1_161' title='bbox 1496 3332 1624 3397; x_wconf 87' lang='lat' dir='ltr'>antem</span> 
     </span>
     <span class='ocr_line' id='line_1_24' title="bbox 234 3443 1624 3541; baseline 0.001 -22"><span class='ocrx_word' id='word_1_162' title='bbox 234 3446 305 3519; x_wconf 86' lang='lat' dir='ltr'>ita:</span> <span class='ocrx_word' id='word_1_163' title='bbox 334 3445 393 3519; x_wconf 86' lang='lat' dir='ltr'>oui</span> <span class='ocrx_word' id='word_1_164' title='bbox 413 3443 474 3520; x_wconf 86' lang='lat' dir='ltr'>hio</span> <span class='ocrx_word' id='word_1_165' title='bbox 493 3445 552 3520; x_wconf 88' lang='lat' dir='ltr'>vel</span> <span class='ocrx_word' id='word_1_166' title='bbox 571 3446 635 3521; x_wconf 91' lang='lat' dir='ltr'>ille</span> <span class='ocrx_word' id='word_1_167' title='bbox 652 3473 730 3524; x_wconf 93' lang='lat' dir='ltr'>non</span> <span class='ocrx_word' id='word_1_168' title='bbox 750 3448 897 3524; x_wconf 88' lang='lat' dir='ltr'>videtur</span> <span class='ocrx_word' id='word_1_169' title='bbox 921 3448 1086 3523; x_wconf 82' lang='lat' dir='ltr'>oriminis</span> <span class='ocrx_word' id='word_1_170' title='bbox 1105 3475 1191 3524; x_wconf 88' lang='lat' dir='ltr'>reus</span> <span class='ocrx_word' id='word_1_171' title='bbox 1212 3476 1312 3541; x_wconf 86' lang='lat' dir='ltr'>esse,</span> <span class='ocrx_word' id='word_1_172' title='bbox 1331 3473 1484 3523; x_wconf 87' lang='lat' dir='ltr'>manum</span> <span class='ocrx_word' id='word_1_173' title='bbox 1503 3446 1624 3522; x_wconf 77' lang='lat' dir='ltr'>tollat</span> 
     </span>
     <span class='ocr_line' id='line_1_25' title="bbox 235 3568 1623 3675; baseline 0.003 -33"><span class='ocrx_word' id='word_1_174' title='bbox 235 3568 282 3644; x_wconf 83' lang='lat' dir='ltr'>Et</span> <span class='ocrx_word' id='word_1_175' title='bbox 300 3569 517 3646; x_wconf 83' lang='lat' dir='ltr'>extendunt.</span> <span class='ocrx_word' id='word_1_176' title='bbox 555 3570 691 3647; x_wconf 84' lang='lat' dir='ltr'>Postea</span> <span class='ocrx_word' id='word_1_177' title='bbox 718 3599 848 3649; x_wconf 86' lang='lat' dir='ltr'>omnes</span> <span class='ocrx_word' id='word_1_178' title='bbox 877 3599 1009 3648; x_wconf 84' lang='lat' dir='ltr'>manus</span> <span class='ocrx_word' id='word_1_179' title='bbox 1038 3583 1246 3649; x_wconf 80' lang='lat' dir='ltr'>numerant.</span> <span class='ocrx_word' id='word_1_180' title='bbox 1285 3574 1335 3649; x_wconf 84' lang='lat' dir='ltr'>Et</span> <span class='ocrx_word' id='word_1_181' title='bbox 1351 3599 1489 3675; x_wconf 82' lang='lat' dir='ltr'>praeeo</span> <span class='ocrx_word' id='word_1_182' title='bbox 1508 3570 1623 3673; x_wconf 88' lang='lat' dir='ltr'>dispi-</span> 
     </span>
     <span class='ocr_line' id='line_1_26' title="bbox 233 3695 1624 3799; baseline -0.001 -27"><span class='ocrx_word' id='word_1_183' title='bbox 233 3695 303 3788; x_wconf 81' lang='lat' dir='ltr'>cit,</span> <span class='ocrx_word' id='word_1_184' title='bbox 342 3696 460 3771; x_wconf 89' lang='lat' dir='ltr'>utrius</span> <span class='ocrx_word' id='word_1_185' title='bbox 488 3696 604 3796; x_wconf 81' lang='lat' dir='ltr'>partis</span> <span class='ocrx_word' id='word_1_186' title='bbox 632 3697 707 3772; x_wconf 82' lang='lat' dir='ltr'>sint</span> <span class='ocrx_word' id='word_1_187' title='bbox 734 3698 862 3798; x_wconf 86' lang='lat' dir='ltr'>plnres</span> <span class='ocrx_word' id='word_1_188' title='bbox 891 3723 1042 3791; x_wconf 85' lang='lat' dir='ltr'>manus,</span> <span class='ocrx_word' id='word_1_189' title='bbox 1082 3698 1299 3793; x_wconf 87' lang='lat' dir='ltr'>illorumne,</span> <span class='ocrx_word' id='word_1_190' title='bbox 1338 3698 1401 3799; x_wconf 88' lang='lat' dir='ltr'>qui</span> <span class='ocrx_word' id='word_1_191' title='bbox 1427 3698 1624 3773; x_wconf 82' lang='lat' dir='ltr'>affirment</span> 
     </span>
     <span class='ocr_line' id='line_1_27' title="bbox 234 3819 1622 3927; baseline 0.002 -31"><span class='ocrx_word' id='word_1_192' title='bbox 234 3819 398 3898; x_wconf 85' lang='lat' dir='ltr'>oriminis</span> <span class='ocrx_word' id='word_1_193' title='bbox 418 3846 520 3899; x_wconf 91' lang='lat' dir='ltr'>reum</span> <span class='ocrx_word' id='word_1_194' title='bbox 540 3849 641 3919; x_wconf 82' lang='lat' dir='ltr'>esse,</span> <span class='ocrx_word' id='word_1_195' title='bbox 671 3849 719 3897; x_wconf 86' lang='lat' dir='ltr'>an</span> <span class='ocrx_word' id='word_1_196' title='bbox 748 3849 875 3898; x_wconf 88' lang='lat' dir='ltr'>eorum</span> <span class='ocrx_word' id='word_1_197' title='bbox 894 3824 957 3924; x_wconf 88' lang='lat' dir='ltr'>qni</span> <span class='ocrx_word' id='word_1_198' title='bbox 976 3834 1127 3921; x_wconf 87' lang='lat' dir='ltr'>negent</span> <span class='ocrx_word' id='word_1_199' title='bbox 1174 3826 1280 3922; x_wconf 76' lang='lat' dir='ltr'>Quae</span> <span class='ocrx_word' id='word_1_200' title='bbox 1299 3823 1414 3925; x_wconf 87' lang='lat' dir='ltr'>igitur</span> <span class='ocrx_word' id='word_1_201' title='bbox 1430 3849 1520 3927; x_wconf 81' lang='lat' dir='ltr'>pars</span> <span class='ocrx_word' id='word_1_202' title='bbox 1539 3821 1622 3926; x_wconf 91' lang='lat' dir='ltr'>plu·</span> 
     </span>
     <span class='ocr_line' id='line_1_28' title="bbox 235 3945 1058 4050; baseline 0.007 -31"><span class='ocrx_word' id='word_1_203' title='bbox 235 3971 294 4020; x_wconf 84' lang='lat' dir='ltr'>res</span> <span class='ocrx_word' id='word_1_204' title='bbox 314 3945 428 4023; x_wconf 90' lang='lat' dir='ltr'>habet</span> <span class='ocrx_word' id='word_1_205' title='bbox 447 3973 600 4042; x_wconf 83' lang='lat' dir='ltr'>manus,</span> <span class='ocrx_word' id='word_1_206' title='bbox 628 3948 708 4050; x_wconf 80' lang='lat' dir='ltr'>ejus</span> <span class='ocrx_word' id='word_1_207' title='bbox 726 3949 914 4026; x_wconf 82' lang='lat' dir='ltr'>sententia</span> <span class='ocrx_word' id='word_1_208' title='bbox 932 3946 1058 4025; x_wconf 85' lang='lat' dir='ltr'>vincit.</span> 
     </span>
    </p>
   </div>
   <div class='ocr_carea' id='block_1_11' title="bbox 229 4107 1623 4546">
    <p class='ocr_par' dir='ltr' id='par_1_12' title="bbox 229 4107 1623 4546">
     <span class='ocr_line' id='line_1_29' title="bbox 883 4107 972 4184; baseline 0.011 -1"><span class='ocrx_word' id='word_1_209' title='bbox 883 4107 972 4184; x_wconf 87' lang='grc'><strong>819.</strong></span> 
     </span>
     <span class='ocr_line' id='line_1_30' title="bbox 343 4228 1623 4333; baseline 0.004 -27"><span class='ocrx_word' id='word_1_210' title='bbox 343 4229 530 4333; x_wconf 72' lang='grc' dir='ltr'><em>Προβολὴ</em></span> <span class='ocrx_word' id='word_1_211' title='bbox 559 4240 627 4310; x_wconf 77' lang='grc' dir='ltr'>καὶ</span> <span class='ocrx_word' id='word_1_212' title='bbox 654 4229 759 4309; x_wconf 83' lang='grc' dir='ltr'>καιά</span> <span class='ocrx_word' id='word_1_213' title='bbox 785 4231 865 4309; x_wconf 79' lang='grc' dir='ltr'>τῶν</span> <span class='ocrx_word' id='word_1_214' title='bbox 890 4230 1072 4321; x_wconf 82' lang='grc' dir='ltr'><em>κακόνως</em></span> <span class='ocrx_word' id='word_1_215' title='bbox 1101 4230 1193 4330; x_wconf 78' lang='grc' dir='ltr'><em>πρὸς</em></span> <span class='ocrx_word' id='word_1_216' title='bbox 1220 4228 1292 4309; x_wconf 76' lang='grc' dir='ltr'>τὸν</span> <span class='ocrx_word' id='word_1_217' title='bbox 1319 4230 1445 4330; x_wconf 79' lang='grc' dir='ltr'><em>δῆμον</em></span> <span class='ocrx_word' id='word_1_218' title='bbox 1469 4232 1623 4311; x_wconf 80' lang='grc' dir='ltr'><em>διακει-</em></span> 
     </span>
     <span class='ocr_line' id='line_1_31' title="bbox 229 4361 1513 4546; baseline 0.003 -116"><span class='ocrx_word' id='word_1_219' title='bbox 229 4363 370 4456; x_wconf 81' lang='grc' dir='ltr'><em>μένων.</em></span> <span class='ocrx_word' id='word_1_220' title='bbox 884 4469 962 4546; x_wconf 65' lang='grc'>819</span> <span class='ocrx_word' id='word_1_221' title='bbox 1130 4363 1286 4456; x_wconf 78' lang='lat' dir='ltr'>(Pollux</span> <span class='ocrx_word' id='word_1_222' title='bbox 1306 4361 1409 4456; x_wconf 89' lang='lat' dir='ltr'><strong>VIII,</strong></span> <span class='ocrx_word' id='word_1_223' title='bbox 1428 4362 1513 4453; x_wconf 78' lang='lat'><strong>46.)</strong></span> 
     </span>
    </p>
   </div>
   <div class='ocr_carea' id='block_1_12' title="bbox 342 4575 1622 4681">
    <p class='ocr_par' dir='ltr' id='par_1_13' title="bbox 342 4575 1622 4681">
     <span class='ocr_line' id='line_1_32' title="bbox 342 4575 1622 4681; baseline 0.005 -29"><span class='ocrx_word' id='word_1_224' title='bbox 342 4579 506 4671; x_wconf 81' lang='lat' dir='ltr'>Querela</span> <span class='ocrx_word' id='word_1_225' title='bbox 524 4581 636 4656; x_wconf 85' lang='lat' dir='ltr'>etiam</span> <span class='ocrx_word' id='word_1_226' title='bbox 656 4590 788 4656; x_wconf 84' lang='lat' dir='ltr'>contra</span> <span class='ocrx_word' id='word_1_227' title='bbox 806 4604 871 4656; x_wconf 82' lang='lat' dir='ltr'>eos</span> <span class='ocrx_word' id='word_1_228' title='bbox 895 4578 1024 4673; x_wconf 80' lang='lat' dir='ltr'>datur,</span> <span class='ocrx_word' id='word_1_229' title='bbox 1055 4580 1117 4680; x_wconf 89' lang='lat' dir='ltr'>qui</span> <span class='ocrx_word' id='word_1_230' title='bbox 1137 4605 1228 4678; x_wconf 85' lang='lat' dir='ltr'>erga</span> <span class='ocrx_word' id='word_1_231' title='bbox 1245 4575 1428 4681; x_wconf 89' lang='lat' dir='ltr'>populum</span> <span class='ocrx_word' id='word_1_232' title='bbox 1446 4577 1545 4655; x_wconf 83' lang='lat' dir='ltr'>male</span> <span class='ocrx_word' id='word_1_233' title='bbox 1564 4581 1622 4658; x_wconf 83' lang='lat' dir='ltr'>af·</span> 
     </span>
    </p>
   </div>
   <div class='ocr_carea' id='block_1_13' title="bbox 234 4704 969 4887">
    <p class='ocr_par' dir='ltr' id='par_1_14' title="bbox 234 4704 969 4887">
     <span class='ocr_line' id='line_1_33' title="bbox 234 4704 436 4781; baseline 0.005 -2"><span class='ocrx_word' id='word_1_234' title='bbox 234 4704 320 4780; x_wconf 85' lang='lat' dir='ltr'>lecti</span> <span class='ocrx_word' id='word_1_235' title='bbox 340 4717 436 4781; x_wconf 81' lang='lat' dir='ltr'>aunt.</span> 
     </span>
     <span class='ocr_line' id='line_1_34' title="bbox 879 4813 969 4887; baseline 0 0"><span class='ocrx_word' id='word_1_236' title='bbox 879 4813 969 4887; x_wconf 80' lang='lat'><strong>820.</strong></span> 
     </span>
    </p>
   </div>
   <div class='ocr_carea' id='block_1_14' title="bbox 235 4930 1623 5168">
    <p class='ocr_par' dir='ltr' id='par_1_15' title="bbox 235 4930 1623 5168">
     <span class='ocr_line' id='line_1_35' title="bbox 344 4930 1623 5046; baseline 0.003 -35"><span class='ocrx_word' id='word_1_237' title='bbox 344 4939 492 5021; x_wconf 67' lang='lat' dir='ltr'>(Eum</span> <span class='ocrx_word' id='word_1_238' title='bbox 508 4930 581 5010; x_wconf 83' lang='grc' dir='ltr'>τάν</span> <span class='ocrx_word' id='word_1_239' title='bbox 604 4932 727 5033; x_wconf 76' lang='grc' dir='ltr'><em>δῆμον</em></span> <span class='ocrx_word' id='word_1_240' title='bbox 749 4934 983 5027; x_wconf 72' lang='grc' dir='ltr'><em>ἐξαπατῶσι,</em></span> <span class='ocrx_word' id='word_1_241' title='bbox 1016 4933 1211 5036; x_wconf 76' lang='grc' dir='ltr'><em>προβολάς</em></span> <span class='ocrx_word' id='word_1_242' title='bbox 1238 4933 1371 5014; x_wconf 78' lang='grc' dir='ltr'><em>αὐτῶν</em></span> <span class='ocrx_word' id='word_1_243' title='bbox 1396 4935 1497 5013; x_wconf 78' lang='grc' dir='ltr'><em>εἶναι</em></span> <span class='ocrx_word' id='word_1_244' title='bbox 1510 4932 1623 5046; x_wconf 33' lang='lat' dir='ltr'>,final</span> 
     </span>
     <span class='ocr_line' id='line_1_36' title="bbox 235 5057 1082 5168; baseline 0 -29"><span class='ocrx_word' id='word_1_245' title='bbox 235 5058 419 5168; x_wconf 75' lang='grc' dir='ltr'><em>ἐγγοριάς</em></span> <span class='ocrx_word' id='word_1_246' title='bbox 437 5061 695 5154; x_wconf 77' lang='grc' dir='ltr'><em>καταστῆσαι,</em></span> <span class='ocrx_word' id='word_1_247' title='bbox 724 5069 791 5150; x_wconf 71' lang='grc' dir='ltr'>ἕως</span> <span class='ocrx_word' id='word_1_248' title='bbox 810 5057 862 5137; x_wconf 85' lang='grc' dir='ltr'>ἀν</span> <span class='ocrx_word' id='word_1_249' title='bbox 878 5063 1082 5160; x_wconf 76' lang='grc' dir='ltr'><em>κριθῶσιν.</em></span> 
     </span>
    </p>
   </div>
   <div class='ocr_carea' id='block_1_15' title="bbox 822 5174 1512 5277">
    <p class='ocr_par' dir='ltr' id='par_1_16' title="bbox 822 5174 1512 5277">
     <span class='ocr_line' id='line_1_37' title="bbox 822 5174 1512 5277; baseline -0.003 -26"><span class='ocrx_word' id='word_1_250' title='bbox 822 5174 1056 5277; x_wconf 86' lang='lat' dir='ltr'>(Xenophon</span> <span class='ocrx_word' id='word_1_251' title='bbox 1073 5175 1160 5252; x_wconf 78' lang='lat' dir='ltr'>hiat</span> <span class='ocrx_word' id='word_1_252' title='bbox 1177 5201 1304 5274; x_wconf 73' lang='lat' dir='ltr'>graec.</span> <span class='ocrx_word' id='word_1_253' title='bbox 1321 5177 1351 5271; x_wconf 88' lang='grc' dir='ltr'>Ι,</span> <span class='ocrx_word' id='word_1_254' title='bbox 1370 5175 1408 5270; x_wconf 85' lang='grc'>7,</span> <span class='ocrx_word' id='word_1_255' title='bbox 1428 5174 1512 5269; x_wconf 78' lang='lat'><strong>³5.)</strong></span> 
     </span>
    </p>
   </div>
   <div class='ocr_carea' id='block_1_16' title="bbox 0 0 1729 5790">
    <p class='ocr_par' dir='ltr' id='par_1_17' title="bbox 0 0 1729 5790">
     <span class='ocr_line' id='line_1_38' title="bbox 0 0 1729 5790; baseline 0 0"><span class='ocrx_word' id='word_1_256' title='bbox 0 0 1729 5790; x_wconf 95' lang='lat' dir='ltr'> </span> 
     </span>
    </p>
   </div>
  </div>
 </body>
</html>
