3436 5790
690 434 752 489 ιυι
773 433 987 487 renarrans.
1460 413 1537 493 133

798 624 886 700 552.

248 740 319 821 Ἐν
337 700 424 857 τοῖς
438 751 690 844 Κεραμεικοῖς
709 742 802 834 τοάς
819 751 863 823 εν
880 749 1035 846 πολέμῳ
1055 746 1349 841 τελευτήσαντας
1370 713 1555 831 θάπτειν

145 846 337 971 δαμοσίᾳ
328 876 398 947 καί
417 866 509 961 rods
528 876 754 968 ἐπιταφίους
772 877 906 978 λέγειν.
1522 954 1535 977 „

841 999 1129 1101 (Harpoornliw
1158 999 1426 1100 Κεραμεικὸς.)

392 1262 424 1267 ..
797 1161 886 1239 552.

188 1294 208 1383 ξ
251 1289 296 1367 In
315 1286 511 1366 Ceramico
538 1289 690 1391 publice
718 1289 968 1391 sepeliantur,
998 1290 1119 1391 quiin
1140 1290 1241 1369 bello
1261 1291 1474 1370 ceciderant
1492 1303 1532 1369 et

146 1415 322 1492 funebres
342 1412 575 1491 laudationes
594 1426 879 1517 consequantur.
1499 1435 1534 1507 ’,

796 1576 884 1653 553.

251 1702 424 1800 Διριοσίφ
451 1693 575 1794 ταφάς
603 1703 802 1777 ποιεῖσθαι
830 1696 908 1774 των
936 1705 980 1773 έν
997 1696 1053 1798 τῷ
1073 1703 1226 1797 πολέμῳ
1246 1692 1532 1777 ἀποθανόντων

144 1822 274 1924 τρόπῳ
292 1820 436 1901 τοιάδε.
470 1819 526 1897 Τά
541 1824 618 1922 μέν
636 1817 732 1897 ὀστᾶ
752 1827 1003 1921 προτίθενται
1022 1822 1102 1900 τῶν
1121 1819 1419 1926 ἀπογενομένων
1437 1824 1531 1925 πρὸ·

144 1965 252 2048 τ’ριτα
271 1945 420 2042 σκηνῆν
439 1946 684 2040 ποιήσαντες,
713 1954 783 2023 καί
812 1953 978 2048 ἐπιφέρει
1007 1947 1062 2049 τῷ
1090 1939 1217 2024 αὑτοῦ
1246 1955 1408 2038 ἕκαστος
1429 1943 1478 2042 ἥν
1495 1981 1531 2025 τι

143 2074 349 2176 βούληται·
379 2069 537 2151 ἐπειδάν
556 2071 589 2147 δ’
612 2066 631 2163 ἦ
652 2068 804 2173 ἐκφορά
825 2065 850 2169 ᾗ
861 2131 871 2162 ,
892 2069 1088 2171 λάρνακας
1109 2076 1387 2173 κυπαριττίνας
1406 2064 1529 2178 άγου-

145 2224 207 2276 σιν
225 2194 391 2297 άμαξαι,
420 2196 545 2296 φυλῆς
576 2196 735 2289 ἑκάστης
759 2201 877 2296 μίαν·
909 2200 1029 2273 ἔνεστι
1059 2197 1098 2272 δὲ
1128 2195 1176 2273 τά
1197 2194 1293 2273 ὀστᾶ
1312 2188 1352 2289 ἧς
1371 2204 1530 2286 ἕκαστος

144 2319 192 2417 ἦν
210 2322 343 2420 φυλῆς.
382 2329 474 2401 Μία
504 2321 542 2399 δὲ
571 2327 687 2414 κλίνη
716 2320 809 2414 κενά
839 2330 992 2422 φέρεται
1017 2331 1226 2423 ἐστρωμένη
1243 2322 1323 2398 των
1343 2320 1529 2418 ἀφανῶν,

145 2452 187 2525 οἳ
204 2443 254 2525 dr
277 2446 331 2548 μὴ
360 2438 575 2548 εὑρεθῶσιν
603 2455 639 2537 ἐς
658 2443 884 2547 τάναίρεσιν(
909 2449 1144 2546 Ξυνεκφέρει
1174 2445 1211 2522 δὲ
1243 2437 1264 2523 ὁ
1293 2445 1530 2547 βουλόμενος

144 2581 212 2650 καί
233 2569 363 2649 ἀστῶν
380 2577 448 2649 καί
467 2578 608 2664 ξένων,
637 2577 707 2647 καί
725 2581 907 2675 γυναῖκες
936 2569 1111 2669 πάρεισιν
1129 2575 1168 2646 αί
1188 2568 1449 2671 προσήκουσαι
1468 2579 1530 2650 ἐπί

144 2697 214 2777 τὸν
232 2697 361 2796 τάφον
380 2695 676 2797 ὀλοφυρόμεναι.
718 2702 904 2773 Troiam
932 2690 1008 2776 στίν
1029 2693 1128 2786 έςιὸ
1149 2692 1332 2796 δημόσιον
1352 2696 1472 2797 σῆμα,
1506 2695 1531 2775 ὅ

145 2833 247 2901 ἐστιν
265 2829 325 2900 ἐπὶ
345 2824 416 2900 τοῦ
435 2827 648 2900 καλλίστου
668 2827 897 2923 προαστείου
915 2822 979 2914 τῆς
999 2821 1160 2913 πόλεως,
1186 2827 1256 2897 καί
1277 2818 1337 2898 άεί
1359 2830 1401 2902 ἐν
1420 2819 1529 2925 αὐτῷ

147 2948 341 3027 θάπτουσι
371 2947 463 3039 τούς
491 2983 537 3027 εκ
562 2948 640 3026 τῶν
668 2955 865 3061 πολέμων,
896 2948 995 3057 πλὴν
1023 2977 1065 3054 γε
1092 2945 1185 3036 τούς
1213 2978 1256 3025 εν
1283 2949 1529 3048 Μαραθῶνι·

145 3081 307 3153 ἐκείνων
326 3074 363 3151 δὲ
385 3072 632 3174 διαπρεπῆ
590 3106 662 3167 την
681 3068 820 3221 ἀρετάν
848 3078 1050 3222 κρίναντες
1078 3071 1203 3151 αὐτοῦ
1224 3104 1292 3148 και
1313 3070 1383 3150 τὸν
1401 3071 1530 3220 τάφρν

145 3207 337 3293 ἐποίησαν.
372 3197 556 3277 Επειδάν
584 3197 633 3277 δὲ.
653 3196 844 3299 πράφωσι
854 3196 925 3304 φῇ,
955 3196 1052 3299 ἀνὴρ
1070 3190 1253 3299 ᾑρημένος
1273 3190 1351 3274 άπὸ
1372 3199 1436 3290 τῆς
1455 3197 1527 3275 πό-

144 3319 311 3416 λεως,“
287 3357 329 3414 ος
348 3321 403 3402 άν
421 3323 554 3430 γιώμῃ
585 3356 624 3400 τε
653 3321 827 3421 δοκῇ
773 3357 828 3422 μη
854 3319 1036 3416 άξάνετος
1055 3322 1151 3400 εἶναι
1172 3330 1240 3399 καί
1260 3320 1412 3415 άξιωσει
1433 3354 1528 3424 προ-

145 3452 218 3550 ἡκῃ
229 3511 239 3543 ,
271 3458 368 3557 λέγει
387 3459 445 3528 ἐπ’
465 3448 597 3537 αὐτοῖς
617 3452 778 3526 ἔπαινον
796 3447 866 3528 τὸν
884 3455 1085 3550 πρέποντα.

792 3667 867 3742 553
1016 3558 1248 3661 (Thucydid.
1269 3563 1317 3654 Il,
1337 3561 1420 3654 34.)

251 3796 406 3873 Publice
426 3797 646 3889 humentur‚
675 3795 804 3896 quiin
835 3793 936 3872 bello
964 3805 1123 3871 mortem
1153 3792 1343 3886 obierant,
1372 3794 1411 3869 in
1429 3794 1527 3872 hunc

144 3926 221 3999 fere
241 3923 412 3999 modurn:
441 3921 561 3996 triduo
581 3930 782 4031 antequam
808 3920 920 3997 sunus
948 3922 1143 4012 efferatur,
1172 3916 1453 3994 tabernaculum
1471 3920 1527 3995 sa·

144 4051 247 4125 ciirnt
266 4060 303 4123 et
321 4049 391 4124 sub
411 4073 456 4123 eo
484 4047 745 4123 defunctorum
772 4072 856 4123 ossa
884 4056 1117 4148 proponunt,
1147 4056 1184 4120 et
1203 4042 1277 4118 suis
1297 4045 1452 4143 quisque
1471 4044 1527 4121 in-

144 4177 254 4251 ferias
274 4176 383 4251 affert
395 4231 403 4268 ‚
415 4174 454 4277 :si
473 4199 565 4274 quas
585 4173 685 4249 velit.
715 4173 842 4266 Quum
859 4185 985 4250 autern
1004 4171 1144 4249 funeris
1164 4167 1346 4246 efferendi
1365 4167 1445 4244 dies
1463 4194 1526 4244 ve·

144 4300 219 4396 nit,
246 4302 416 4403 plaustra
434 4297 688 4390 adducuntur,
717 4324 812 4398 quae
840 4325 946 4376 arcas
974 4326 993 4375 e
1024 4321 1199 4397 cupresso
1227 4294 1345 4371 saetas
1363 4291 1525 4393 singula·

145 4452 227 4501 rum
250 4424 414 4503 tribuum
440 4424 609 4524 singulas
636 4433 809 4529 portaut;
836 4423 876 4501 in
894 4422 951 4499 his
970 4433 1094 4498 autem
1111 4421 1240 4498 insunt
1258 4444 1343 4497 ossa
1361 4417 1526 4518 singula·

144 4576 227 4629 rum
245 4547 427 4642 tribuum,
456 4575 476 4626 e
497 4574 571 4649 qna
597 4548 753 4650 quisque
779 4559 868 4625 erat
908 4547 1014 4627 Unus
1033 4557 1159 4624 autem
1175 4543 1298 4623 inanis
1317 4544 1434 4626 lectus
1452 4545 1524 4622 fer·

143 4688 204 4750 tur
232 4685 369 4753 stratus
393 4675 629 4772 ignotorum,
653 4698 817 4774 quorum
844 4697 1000 4774 corpora
1028 4670 1195 4773 reperiri·
1210 4669 1423 4770 suscipique
1449 4694 1526 4745 non

144 4809 355 4901 potuerunt.
383 4797 628 4899 Prosequitur
647 4808 770 4874 autem
788 4797 898 4874 furius
918 4797 1075 4898 quilibet
1095 4810 1169 4875 tam
1188 4795 1234 4872 de
1254 4794 1397 4871 civibus
1415 4818 1527 4894 quam

143 4925 190 5000 de
210 4924 439 5025 peregrinis3
466 4936 505 5002 et
523 4923 717 5018 mulieres,
746 4949 843 5024 quae
871 4950 955 4999 cum
977 4921 1050 4999 illis
1070 4921 1359 5025 propinguitatis
1377 4918 1526 4994 vinculo

142 5061 232 5126 erint
248 5052 490 5151 conjunctae,
518 5051 566 5128 ad
593 5051 806 5151 sepulcrum
833 5049 969 5126 adsunt
992 5049 1186 5151 ejulantes.
1220 5048 1326 5127 Haec
1343 5056 1469 5122 autem
1486 5041 1526 5116 in

142 5173 296 5278 publico
314 5185 557 5256 monumento
571 5175 762 5273 condunt,
790 5175 892 5276 quod
916 5186 973 5253 est
989 5175 1032 5253 in
1050 5173 1300 5277 pulcherrimo
1320 5168 1420 5249 urbis
1438 5166 1524 5245 sula
