3436 5790
234 376 311 449 426
536 395 845 450 commaneamus
865 400 918 448 no
938 395 982 467 ss.
1003 398 1046 451 ro.
1067 397 1111 450 τε.
1132 396 1177 451 ro.
1196 396 1242 453 so.
1261 395 1306 450 ss.

233 601 309 685 tur,
328 591 382 667 ita
400 601 442 667 ut
459 614 581 693 neque
600 592 771 669 viderent
789 614 1013 693 quemquam
1032 618 1162 674 eornm
1181 593 1243 692 qui
1263 596 1531 682 convenerant,
1551 609 1613 662 ne·

233 741 304 815 que
322 718 371 792 ab
390 717 466 792 ullo
484 717 721 814 viderentur,
741 729 886 794 tantum
904 720 1107 798 clamorem
1124 720 1272 795 illorum
1292 716 1523 794 exaudirent.
1557 712 1615 789 Ibi

232 866 308 916 non
327 842 434 917 simul
452 843 635 939 universi,
665 845 731 921 sed
760 870 855 921 unus
878 857 964 945 post
993 846 1107 922 alium
1134 854 1233 924 sorte
1258 843 1391 922 ductus
1408 841 1449 917 in
1467 837 1614 916 concio-

231 993 319 1044 nem
336 967 524 1063 veniebat,
544 970 751 1069 tacitusque
768 995 838 1072 per
856 993 939 1046 eam
957 970 1150 1049 transibat.
1178 968 1210 1049 Ii
1229 969 1292 1070 qui
1310 963 1477 1044 conclusi
1497 968 1615 1053 erant.

229 1092 269 1168 in
287 1091 434 1168 tabulas
452 1092 726 1191 inscribebant,
755 1104 913 1197 quantus
938 1095 985 1172 ad
1009 1097 1241 1197 singulorum
1259 1094 1457 1170 transitum
1474 1091 1616 1167 clamor

230 1217 361 1295 frnsset
378 1217 564 1296 sublatus:
593 1245 713 1322 neque
732 1221 780 1297 ad
798 1247 909 1322 quem
927 1223 959 1300 is
979 1222 1181 1324 pertineret
1203 1220 1277 1298 illis
1296 1219 1494 1297 constabat
1502 1264 1517 1308 ,-
1541 1215 1615 1292 nisi

231 1344 331 1444 quod
349 1346 492 1422 ratione
513 1345 673 1443 ordinis,
693 1358 807 1448 quoto
826 1349 1111 1443 acclamaretur,
1129 1345 1402 1446 intelligebant.
1441 1342 1514 1420 cu
1533 1366 1612 1418 ma-

229 1470 328 1549 xime
355 1496 400 1551 ac
426 1472 725 1574 frequentissime
753 1471 884 1553 fuisset
920 1474 1185 1570 acclamatum,
1222 1497 1308 1550 eum
1334 1468 1615 1550 renuntiabant.

230 1595 504 1691 (Plutarch.
533 1598 741 1699 Lycurg.
772 1599 856 1691 26.)
1392 1593 1395 1599 ’

337 1720 533 1799 Cretenses
553 1721 598 1798 de
618 1723 768 1799 summis
786 1724 899 1801 rebus
922 1723 1153 1802 consiliarios
1182 1721 1433 1816 adhibebant,
1463 1720 1526 1821 qni
1546 1717 1613 1795 Se·

229 1848 352 1923 niores
371 1846 611 1924 vocabantur.
649 1847 935 1950 Oooptabantur
962 1858 1085 1926 autem
1113 1851 1152 1925 in
1179 1847 1272 1927 illud
1300 1835 1522 1944 collegium,
1551 1844 1614 1946 qui

229 1969 446 2049 Oosmorum
474 1972 693 2073 magistratu
719 1975 825 2075 digni
842 1974 961 2052 habiti
980 1975 1148 2072 fuerant,
1180 2001 1225 2052 ac
1243 1972 1336 2052 alias
1354 1972 1464 2075 probi
1485 1995 1613 2048 cense-

228 2096 376 2174 bantur.
406 2087 687 2192 (Aristotel.
708 2097 854 2177 Polit.
875 2100 924 2195 II,
944 2098 980 2196 7,
1007 2101 1042 2177 5.
1062 2098 1256 2179 Strabo.
1276 2099 1323 2178 X.
1342 2123 1424 2200 cap.
1445 2099 1480 2171 4.
1502 2092 1612 2199 §.22

231 2222 396 2321 p.‹181.)

335 2346 445 2450 Apud
468 2347 691 2449 Epidaurios
718 2350 987 2452 rempublicam
1024 2352 1237 2428 tractabant
1264 2361 1416 2428 centum
1443 2365 1482 2424 et
1511 2357 1612 2423 ccta-

227 2473 332 2574 ginta
350 2473 430 2549 viri.
467 2474 525 2550 Ex
542 2473 600 2549 his
618 2484 806 2552 senatores
826 2474 1061 2574 deligebant,
1092 2501 1185 2576 quos
1203 2476 1449 2580 appellabant
1471 2470 1560 2553 Art
1568 2496 1611 2573 y·

227 2624 323 2675 nos.
352 2597 624 2694 (Plutarch.
644 2610 785 2699 quaest.
804 2628 860 2702 gr.
883 2601 938 2696 1.)

830 2811 905 2896 Ad
934 2812 1014 2896 70.

333 2956 571 3034 Demosthen.
603 2957 818 3037 Aristocrat.
847 2988 884 3063 p.
911 2960 1010 3035 651:
1048 2949 1200 3054 ἄκυρόν
1226 2963 1305 3034 εὀτι
1330 2953 1377 3032 τὸ
1407 2954 1610 3058 ψήφισμα·

227 3076 500 3178 προβούλευμα
529 3077 602 3184 γάρ
628 3087 753 3171 ἐστιν,
783 3073 946 3181 ὄτόμος
965 3079 1000 3157 δ’
1018 3088 1163 3158 ἐπέτεια
1189 3079 1336 3159 κελεύει
1360 3078 1409 3158 τὰ
1427 3079 1493 3173 τῆς
1510 3084 1612 3181 βου-

227 3203 291 3295 λῆς
310 3201 408 3280 εἶναι
428 3208 668 3305 ψηφίσματα.
695 3213 864 3305 (irritum
883 3222 941 3288 est
958 3210 1170 3306 decretum,
1189 3211 1290 3313 qnod
1308 3211 1610 3289 senatusconsrd·

224 3347 304 3409 tum
319 3335 513 3435 praevium
531 3335 600 3433 sit;
618 3336 679 3413 lex
689 3345 814 3414 autem
817 3338 939 3439 jubet,
959 3335 1282 3415 senatusconsulta
1299 3338 1426 3415 valere
1436 3339 1611 3430 annum.)

830 3547 906 3632 Ad
935 3551 1014 3632 ⁷0.

331 3695 415 3772 Hoc
433 3694 573 3772 factum
592 3708 649 3773 est
667 3697 756 3775 410.
775 3723 809 3775 a.
829 3697 916 3776 Ohr.
937 3696 1085 3798 Olymp.
1107 3697 1170 3792 92,
1186 3696 1222 3793 3,
1243 3707 1285 3773 nt
1302 3709 1460 3799 apparet
1479 3724 1527 3776 ex
1548 3725 1608 3776 eo-

225 3820 310 3898 dem
327 3821 548 3899 scholiastae
567 3823 668 3901 loco:
690 3825 783 3916 φησὶ
801 3817 874 3925 γὰρ
897 3817 1131 3920 Φιλόχορος·
1154 3823 1239 3922 ,ant
1260 3823 1520 3898 Haunianae
1537 3827 1610 3898 καὶ

225 3935 247 4035 ἦ
266 3937 388 4044 βουλὴ
408 3939 510 4017 κατὰ
530 3942 687 4049 γράμμα
705 3948 792 4023 τότε
810 3944 963 4044 πρῶτον
981 3951 1200 4038 ἐκαθέζετο.
1222 3945 1488 4042 (Philochorus
1507 3952 1608 4028 enim

224 4075 295 4151 ait:
323 4070 513 4150 Archonte
543 4072 754 4177 Glaucippc
780 4086 932 4155 senatus
961 4075 1124 4177 primum
1149 4073 1305 4154 sedebat
1332 4073 1539 4153 secundum
1565 4076 1609 4154 li·

225 4200 353 4292 m)
826 4303 901 4388 ss
930 4304 995 4386 ra

331 4448 638 4530 Additamentum
667 4452 755 4530 anni
784 4452 903 4529 soa-ii
921 4479 954 4530 a.
974 4452 1042 4531 Oh.
1070 4464 1157 4556 post
1178 4454 1306 4556 pulsos
1324 4454 1477 4582 triginta
1495 4456 1608 4533 viros.

823 4664 898 4749 Ad
925 4666 1006 4749 80.

332 4814 423 4892 Inde
442 4840 465 4890 a
483 4824 650 4915 tempore
670 4811 879 4892 Clisthenis.

823 5006 899 5089 Ad
926 5007 1007 5089 85.

352 5132 355 5137 ‚
404 5133 407 5135 ‚
508 5154 559 5233 in.
575 5151 749 5258 Thucyd.
777 5158 827 5254 ΙΙ,
858 5157 928 5232 15:
956 5150 1195 5255 Πρυτάνεις,
1224 5156 1262 5231 οἱ
1287 5153 1367 5233 τοῖν
1385 5149 1488 5233 ὅλων
1505 5181 1608 5256 προι-
