3436 5790
162 370 241 440 448
544 390 850 442 ronnenrsmus
872 390 923 439 sn
943 386 1005 440 aro.
1027 385 1089 441 ιιι.
1109 385 1173 439 212.

161 585 305 659 civibus
345 583 655 678 Atheniensibus,
683 589 798 660 unum
836 606 882 658 ex
920 579 1173 682 Eumolpidis‚
1204 592 1241 657 et
1277 605 1394 656 *mum
1433 604 1452 655 e
1482 579 1552 656 Oe·

63 705 66 710 ’
162 709 322 810 rycibus.

753 811 829 895 Art
858 812 964 893 alo.

270 980 351 1057 Hoc
382 980 495 1056 finitis
520 976 630 1054 bellis
656 990 786 1053 contra
804 977 939 1053 Persas
968 978 1195 1076 abrogatum
1224 976 1315 1072 fuit3
1343 975 1434 1051 dicit
1454 976 1553 1052 enim

162 1106 338 1183 Photius:
368 1091 494 1188 Οὗτος
522 1098 667 1197 τὸμὲν
696 1096 862 1174 παλαιὸν
890 1098 970 1175 τῶν
999 1106 1041 1176 έν
1061 1103 1240 1196 πολέμοις
1259 1091 1408 1202 ἡγεῖτο·
1436 1091 1553 1173 ὕστε-

162 1256 231 1321 ρον
252 1224 289 1301 δὲ
310 1227 374 1318 τῆς
394 1221 601 1332 ἡγεμονίας
620 1232 767 1318 ἐκείνης
788 1223 1035 1324 ἀφαιρεθεὶς,
1068 1221 1304 1324 προειστήκει
1321 1227 1396 1320 μὲν
1416 1222 1495 1298 τῶν
1513 1253 1552 1299 τε

161 1358 280 1442 ξένιον
299 1359 367 1428 καί
386 1354 465 1430 τῶν
481 1357 690 1452 μετοίκων.
722 1346 814 1451 (Hic
834 1356 922 1433 olim
943 1354 1094 1455 quidem
1112 1354 1309 1455 imperium
1328 1351 1495 1429 habebat
1513 1353 1552 1426 in

161 1480 289 1577 hellis;
318 1494 451 1583 postea
480 1509 568 1559 vero
597 1482 669 1559 hoc
698 1482 911 1583 principatu
930 1481 1120 1582 privatus,
1152 1478 1367 1581 praefuerat
1385 1477 1553 1580 peregri·

162 1606 219 1681 nis
239 1616 276 1681 et
294 1606 516 1707 inquilinis.)
1303 1604 1307 1610 ¹

758 1709 834 1794 Ad
862 1711 957 1792 211.

271 1878 606 1977 Harpocratio
635 1905 662 1953 s.
694 1906 728 1952 v.
760 1869 980 1970 Πάρεδρος;
1020 1875 1239 1952 Aristoteles
1269 1872 1316 1949 de
1345 1869 1552 1947 Athenien-

163 2006 259 2079 sium
278 2003 487 2103 Republioa
505 2002 614 2079 dicit:
635 2003 841 2080 Assumunt
859 2027 1063 2077 assessores
1084 1995 1334 2097 (παρέδρους)
1355 2009 1391 2073 et
1410 1995 1554 2073 archon

162 2140 199 2202 ot
224 2129 501 2229 polemarchus,
532 2139 686 2229 uterque
717 2130 846 2222 binos,
877 2154 968 2227 quos
1000 2128 1168 2204 voluerit.
1207 2125 1257 2202 Hi
1276 2135 1402 2200 autem
1423 2120 1553 2222 explo-

161 2266 292 2328 rantur
310 2247 632 2349 (δοκιμάζονται)
652 2255 691 2328 in
706 2254 846 2355 judicio
867 2265 1067 2353 antequam
1087 2278 1221 2329 munus
1240 2251 1377 2327 ineant.
1417 2245 1555 2324 Iidem·

162 2406 234 2477 que
253 2379 418 2456 rationes
437 2380 600 2456 reddunt
624 2373 819 2474 (εὐθύνας
839 2373 1050 2472 διδόασιν),
1081 2389 1281 2478 postquam
1308 2398 1463 2450 munere
1493 2397 1554 2448 as·

163 2506 316 2582 sessoris
334 2507 451 2584 functi
469 2505 617 2583 fuerint.

751 2643 827 2727 As
856 2645 961 2726 212.

271 2810 575 2887 Plutarchus
610 2813 657 2888 in
686 2814 789 2887 vita
817 2810 1025 2887 Solonis
1054 2810 1188 2903 (25):
1227 2808 1408 2885 Seorsum
1435 2831 1552 2882 unus·

166 2935 320 3032 quisque
342 2932 684 3028 thesmuthetarum,
704 2938 742 3010 in
763 2937 845 3012 foro
865 2936 964 3037 apud
983 2935 1147 3037 lapidem
1167 2922 1385 3026 obtestatus,
1399 2931 1555 3034 juravit,

162 3085 221 3149 se,
242 3059 271 3131 si
292 3058 380 3156 quid
400 3070 531 3136 contra
549 3060 653 3157 leges
672 3059 900 3155 admisisset,
930 3086 1083 3137 auream
1113 3070 1274 3138 statuam
1293 3058 1461 3161 aequalis
1481 3055 1554 3133 sibi

161 3182 337 3283 ponderis
357 3175 587 3279 (ἀνδριάντα
601 3181 782 3283 χρυσοῦν
801 3187 1067 3285 ἰσομέτρητον)
1095 3187 1253 3287 Delphis
1282 3185 1553 3263 dedicaturum.

269 3324 431 3404 Causam
462 3329 569 3406 huius
597 3329 691 3429 legis
714 3332 754 3408 in
773 3359 817 3408 eo
837 3331 977 3432 reperit
995 3330 1219 3409 Theodorus
1238 3331 1421 3432 Berghius
1442 3330 1552 3424 (Phi-

162 3451 327 3550 lologus,
347 3481 432 3531 ann.
452 3456 538 3533 XII.
558 3456 648 3533 fasc.
669 3458 703 3534 3.
724 3485 811 3558 pag.
832 3458 942 3553 579),
973 3459 1074 3558 quod
1103 3459 1229 3558 legum
1253 3467 1552 3556 transgressores

161 3579 279 3676 etqui
299 3578 390 3654 alios
413 3592 659 3685 corrumpunt
686 3582 885 3685 decuplam
914 3583 1167 3661 commiserint
1192 3584 1389 3675 mulctam,
1418 3608 1553 3660 aurum

161 3729 251 3780 vero
269 3705 323 3780 ita
340 3730 380 3782 se
400 3706 571 3785 habuerit
589 3706 636 3785 ad
655 3719 853 3806 argentum
872 3709 969 3786 siout
992 3710 1009 3782 l
1028 3738 1037 3785 ε
1060 3709 1120 3785 10.

269 3845 349 3924 Sub
378 3848 638 3927 thesmothetis
666 3861 792 3927 autem
819 3877 955 3928 novem
974 3852 1170 3931 archontes
1188 3865 1277 3931 sunt
1293 3854 1552 3953 intelligendi,

160 3985 209 4049 ut·
228 3985 332 4075 patet
359 3999 380 4050 e
408 3975 578 4053 Platonis
596 3975 768 4052 Phaedro
797 3975 909 4071 (225,
929 3979 1006 4070 D):
1034 3978 1114 4050 Καὶ
1144 4001 1205 4051 σοι
1231 3975 1329 4080 ἐγώ,
1359 3972 1484 4076 ὥσπερ
1512 3979 1551 4052 οἰ

161 4102 178 4170 ἐ
189 4105 306 4175 ννέα
334 4093 582 4196 ἄρχοντες
593 4156 605 4189 ,
643 4089 912 4200 ὖπισχνοῦμαι
935 4101 1088 4201 χρυσῆν
1126 4101 1265 4180 εἰκόνα
1303 4109 1551 4206 ἰσομέτρητον

161 4227 214 4311 εἰς
233 4221 409 4320 Δελφούς
428 4222 653 4316 ἀναθήσειν.
690 4230 759 4324 (Et
786 4258 859 4331 ego
880 4233 948 4309 tibi
966 4233 1142 4333 promitto
1163 4259 1313 4311 auream
1333 4235 1371 4310 in
1388 4236 1551 4338 Delphis

161 4366 322 4433 statuam
340 4356 605 4457 aequilibrem,
627 4369 677 4433 ut
695 4382 867 4434 novem
885 4358 1152 4438 archontes
1170 4361 1354 4450 solent,
1374 4367 1550 4462 ponere.)

267 4500 397 4602 Harp
409 4501 609 4579 coratio
628 4529 656 4578 s.
668 4529 703 4577 v.
727 4504 979 4599 Θεσμοθέταιε
1001 4505 1242 4604 Magistratus
1261 4507 1414 4606 quidam
1432 4504 1548 4584 Athe-

161 4627 237 4721 nis,
258 4626 328 4702 viri
347 4653 503 4704 numero
522 4653 609 4723 sex,
639 4654 685 4705 ex
705 4654 835 4708 eorum
855 4631 1004 4726 ordina,
1025 4632 1088 4731 qui
1107 4658 1245 4708 novem
1264 4633 1463 4709 archontes
1482 4660 1548 4708 vo-

160 4762 300 4829 cantur.
341 4756 398 4831 Ita
417 4781 506 4831 vero
526 4756 780 4857 appellantur,
807 4756 906 4857 quod
933 4759 1062 4858 legum
1089 4783 1217 4834 curam
1243 4770 1388 4858 gerant
1426 4759 1549 4858 Leges

160 4877 259 4955 enim
282 4881 420 4976 θεσμοὶ
439 4881 681 4959 vocabantur.
1067 4933 1070 4939 ·

266 5005 325 5086 Of.
343 5005 487 5083 Lexice
503 5002 657 5105 Seguer.
675 5034 712 5109 p.
733 5008 823 5104 est,
844 5017 880 5083 et
899 5008 1023 5086 Photii
1042 5009 1190 5088 lexicon
1209 5039 1244 5120 p.
1266 5011 1355 5108 670,
1378 5012 1438 5090 15.
