3404 5782
226 353 322 429 208:
772 379 833 427 ros
854 374 1063 426 roearcoar.

305 749 308 754 .
332 688 495 770 Διδοῦσι
512 688 552 790 δέ
572 698 614 769 έν
632 690 880 795 γραμματείῳ
899 684 1115 791 γράψαντες
1135 683 1206 778 τὴν
1225 686 1366 784 φάσιν,
1392 691 1439 770 τά
1461 699 1502 768 θ’
1518 697 1620 767 iav-

226 819 302 901 τῶν
320 823 390 894 καὶ
410 813 456 895 τοὶ
476 815 547 894 τοῦ
568 819 803 914 κρινομένου
822 809 998 909 ὀνόματα
1018 811 1352 915 προσγράψαντες,
1379 825 1448 895 καί
1467 823 1640 918 τίμημα

104 1035 111 1050 r
226 940 550 1048 ἐπιγραψάμενοι·
583 934 668 1017 ὅδὲ
690 934 822 1039 doxon*
851 936 1085 1038 παραδίδωσι
1113 937 1186 1031 την
1209 945 1340 1039 κρίσιν
1360 941 1617 1042 δικαστηρίῳ·

227 1075 294 1143 καί
323 1067 368 1144 τὸ
393 1072 468 1167 μέν
495 1069 656 1164 τιμηθέν
684 1070 856 1170 γίγνεται
885 1065 962 1140 τῶν
991 1062 1281 1164 ἀδικουμένων,
1328 1072 1365 1143 εί
1392 1075 1460 1144 καί
1490 1063 1615 1154 ἄλλος

226 1188 321 1291 ὑπέρ
342 1189 472 1269 αὐτῶν
491 1190 667 1289 ῳηνειεν·
699 1184 720 1266 ὁ
742 1190 779 1266 δὲ
795 1188 850 1290 μη
872 1189 1104 1290 μεταλαβών
1131 1189 1175 1266 τὸ
1205 1199 1379 1290 πέμπτον
1401 1201 1516 1294 μέρος
1535 1193 1618 1269 τῶν

226 1318 370 1420 ψήφων
406 1315 479 1408 τὴν
517 1319 731 1416 ἐπωβελίαν
769 1313 1108 1414 προσοφλισκάνει.
1159 1315 1359 1421 Είσάγεται
1394 1316 1432 1394 δι’
1461 1316 1508 1393 τὰ
1536 1330 1614 1417 μέν

226 1441 333 1530 ἐντὸς
348 1448 511 1539 χιλίων,
542 1445 595 1529 εἰς
613 1447 681 1517 ἕνα
701 1446 769 1516 καὶ
789 1438 1037 1528 διακοσίους,
1061 1438 1108 1515 τοὶ
1131 1440 1167 1516 δέ
1189 1434 1284 1540 ὑπὲρ
1297 1445 1450 1538 χιλίας,
1472 1447 1527 1531 εἰς
1546 1449 1615 1519 ἕνα

229 1575 298 1644 καί
327 1571 608 1667 τετρακοσίους.
658 1572 725 1642 Δεῖ
752 1564 792 1640 δὲ
822 1571 891 1641 καί
919 1565 1106 1668 κλητῆρας
1136 1565 1514 1672 προσεοιγράῳεσθαι
1547 1566 1620 1645 τὸν

161 1766 162 1771 ,
227 1700 444 1791 φαίνοντα,
474 1695 517 1769 οἳ
533 1697 604 1768 εἰσι
620 1690 820 1791 μάρτυρες.
900 1732 921 1787 g
1018 1695 1172 1787 (Pollux
1192 1696 1294 1792 VIII,
1317 1698 1507 1789 47-49.)

784 1863 787 1871 .
878 1803 967 1878 823.

297 1923 572 2036 'Delationem
592 1928 865 2006 vero'tabellae
885 1926 1104 2030 inscriptam
1128 1927 1236 2024 dant,
1266 1931 1417 2033 propria
1445 1931 1618 2034 ipsorum

227 2071 265 2134 et
284 2052 337 2133 rei
356 2040 528 2150 nomina,
558 2068 637 2131 tum
665 2064 702 2129 et
729 2050 907 2128 mulctam
935 2041 1202 2129 adscribentes.
1241 2053 1394 2132 Archon
1412 2067 1541 2132 autem
1553 2058 1616 2158 ju·

228 2168 363 2258 dicium
383 2182 464 2258 foro
484 2179 675 2285 permittit
714 2177 856 2254 Maleto
875 2204 965 2254 vero
985 2178 1083 2253 cedit
1111 2179 1247 2280 injuria
1274 2180 1438 2277 affectis,
1468 2182 1617 2259 etiamsi

229 2308 323 2384 alius
354 2284 503 2384 nomine
532 2308 697 2409 ipsoram
726 2303 954 2381 delationem
972 2303 1111 2379 fecerit.
1150 2305 1223 2397 Qui
1243 2317 1367 2379 autem
1386 2332 1463 2381 non
1483 2292 1634 2408 quinta

228 2420 368 2535 potitur
404 2432 664 2530 suffragiorum
703 2441 830 2530 parte,
861 2427 1043 2528 persolvit
1080 2441 1222 2504 sextam
1260 2431 1420 2506 mulctae
1459 2412 1637 2533 partem,

228 2557 371 2651 Causa,
399 2583 494 2658 quae
514 2557 613 2632 intra
630 2554 732 2631 mille
753 2553 948 2629 drachmas
968 2566 1160 2646 censetur,
1190 2553 1436 2632 introducitur
1454 2556 1503 2633 ad
1516 2542 1635 2659 judi-⁵

227 2710 288 2760 ces
318 2683 494 2759 ducentos
523 2692 560 2757 et
586 2707 720 2775 anam,
759 2706 855 2780 quae
884 2673 974 2754 vcro
1002 2691 1154 2780 superat
1182 2679 1280 2756 mille
1310 2680 1529 2777 drachmas,
1570 2683 1617 2758 ad

229 2807 527 2909 quadringentos
539 2818 577 2880 et
595 2817 721 2882 unum.
758 2805 921 2905 Oportet
947 2816 1071 2880 autem
1101 2818 1138 2880 et
1157 2806 1393 2906 apparitores*
1408 2809 1617 2885 delatorem

228 2933 460 3024 adscribere,
490 2931 553 3029 qui
572 2940 686 3007 testes
706 2932 789 3006 sint.
958 2939 963 2946 ’

823 3117 958 3194 'Actiaca
977 3119 1014 3175 δ’.

749 3223 1088 3301 Ἰιίιφιιλλοῳορίιι.

830 3410 968 3463 Atticulae
987 3412 1010 3462 λ.

710 3501 903 3569 Exclusis
930 3534 994 3585 per
1023 3518 1132 3569 folia.

877 3665 965 3741 824.

335 3794 386 3865 Εί
403 3788 514 3864 δοκεῖ
530 3816 584 3874 τις
603 3784 681 3862 τῶν
697 3760 920 3886 βουλευτῶν
948 3784 1122 3874 ἀδικεῖν,
1154 3787 1425 3887 διαψηφίζεται
1447 3782 1466 3880 ἦ
1489 3789 1615 3889 βουλὴ

229 3921 311 4015 περί
331 3913 455 3991 αὐτοῦ
466 3973 475 4002 ,
496 3918 532 3988 εί
543 3911 621 4010 χρη
641 3910 764 3988 αὐτὸν
778 3919 913 4011 μηκέτι
934 3911 1153 4011 βουλεύειν·
1179 3910 1267 3988 ἀντί
1288 3913 1327 3989 δέ
1346 3914 1493 4014 ῳὴῳων
1511 3914 1616 4010 φύλ-

229 4048 308 4128 λοις
321 4041 516 4138 χρῆσθαι,
547 4037 595 4112 δι’
625 4027 684 4113 τίν
710 4043 869 4124 ἕκαστος
898 4043 1180 4136 ἐπισημαίνεται
1209 4036 1280 4129 τήν
1298 4032 1425 4115 αὐτοῦ
1444 4040 1612 4144 γνώμην.

817 4168 1103 4270 (Ηυιροειιιιίοε
1133 4166 1509 4265 έκῳυλλοῳσρῆοαι,)

879 4328 967 4405 824.

337 4439 376 4514 Si
395 4441 477 4539 quis
496 4450 710 4515 serratorum
743 4447 873 4512 contra
894 4440 959 4538 jas
982 4438 1111 4536 fasque
1132 4463 1243 4535 agere
1265 4438 1431 4535 videtur,
1463 4452 1613 4517 senatus

229 4564 417 4664 disquirit,
447 4591 496 4641 an
525 4564 681 4639 coneilio
710 4559 916 4639 movendus
944 4562 1011 4657 sit,
1041 4587 1170 4638 necne.
1208 4563 1282 4638 Pro
1311 4562 1464 4669 calculis
1489 4577 1613 4643 autem

230 4690 329 4774 foliis
350 4692 525 4769 arborum
545 4701 705 4784 utantur,
724 4689 859 4790 quibas
879 4715 983 4766 suam
1002 4691 1157 4789 quisque
1177 4691 1401 4767 sententiam
1417 4693 1613 4789 significat

878 4855 967 4928 825.

259 5036 265 5043 .
311 4970 497 5066 Ἕξιῖναι
519 4980 560 5049 έν
579 4973 633 5072 τῷ
653 4973 886 5075 δικαστηρίῳ
902 4972 1187 5070 καταδέχεσθαι
1205 4973 1294 5063 τούς
1313 4982 1612 5078 ἐκφυλλοφορη-

232 5108 378 5190 θέντας.
782 5107 965 5209 (Etyrnol.
988 5106 1111 5206 Magn.
1133 5105 1509 5204 ε’κῳυλλοῳορῆσαι.)
