3436 5790
573 436 809 494 suranorum
827 436 1079 493 ruurcruauu.
1426 403 1504 486 160

122 624 169 703 ori
190 633 273 726 περί
292 627 442 706 τούτοιν
456 633 587 728 μόνον
597 688 608 720 ,
638 625 737 704 ἄλλα
767 630 837 702 καί
862 613 1001 702 ὁιιὸσοι
1029 620 1082 701 ίίν
1106 623 1160 720 μὴ
1191 625 1359 724 παρῶσιν
1387 631 1429 701 ἐν
1457 623 1502 722 τῇ

124 752 216 852 mgr}
234 755 401 855 στρατιᾷ.
428 813 432 824 .
813 756 969 856 (Lysias
986 780 1017 831 o
1035 752 1217 834 Alcibiad.
1237 757 1266 834 Ι.
1285 751 1320 856 d.
1340 757 1402 849 5.)

769 920 859 997 628.

228 1027 269 1104 Si
290 1030 372 1128 quis
390 1030 559 1107 ordinem
587 1032 792 1108 deseruerit
817 1028 1055 1109 retrocedens
1075 1040 1228 1130 propter
1246 1026 1502 1120 timiditatem,

123 1155 255 1231 ceteris
286 1156 560 1256 prgnautibum
589 1157 636 1233 de
664 1181 710 1232 eo
737 1156 893 1254 strategi
921 1165 1170 1252 cognoscant3
1197 1164 1236 1229 et
1267 1178 1342 1232 uon
1370 1151 1417 1227 da
1446 1151 1503 1228 his

126 1277 256 1375 solum,
275 1279 340 1359 scd
355 1279 585 1358 deomnibus
603 1283 825 1382 quicumque
843 1280 939 1358 inter
956 1279 1102 1384 pedites
1120 1304 1198 1357 uon
1216 1277 1504 1383 comparuerint.-

225 1559 438 1667 Ἀργύριον
460 1560 515 1661 μὴ
545 1570 685 1655 ἐξεῖναι
711 1560 900 1643 ἐνδοῦναι
922 1559 1153 1654 Ἀθηναίων
1180 1569 1250 1641 καί
1276 1564 1356 1641 τῶν
1370 1567 1504 1661 μετοί-

124 1720 207 1766 κων
225 1687 305 1764 τῶν
327 1685 521 1785 Ἀθήνῃσι
546 1688 839 1786 μετοικούντων
861 1687 1020 1791 μηδενί,
1045 1688 1139 1786 μηδὲ
1168 1678 1226 1765 ὦν
1244 1679 1352 1765 οὗτοι
1373 1687 1505 1787 κύριοί

123 1819 240 1905 εἰσιν,
270 1818 322 1904 εἰς
342 1813 447 1890 ναῦν
465 1809 542 1904 ἥτις
560 1808 612 1889 dv
625 1812 680 1912 μή
696 1819 817 1912 μέλλῃ
841 1805 949 1908 rigatu
976 1826 1086 1890 σῖτον
1108 1811 1313 1909 Ἀθήναζε.
1347 1812 1446 1891 Ἐὰν
1465 1813 1506 1890 δέ

123 1969 177 2025 τις
195 1935 299 2039 indui
327 1935 429 2038 παραὶ
458 1938 588 2030 ταῦτ’,
616 1937 714 2015 εἶναι
742 1935 814 2032 τὴν
842 1943 965 2037 φασιν
992 1945 1059 2015 καί
1088 1936 1161 2030 τήν
1179 1935 1414 2044 ἀπογραφὴν
1432 1938 1504 2015 τοῦ

124 2060 311 2169 ἀργυρίου
331 2061 422 2164 πρὸς
441 2062 533 2155 τούς
560 2063 803 2165 ἐπιμελητάς,
834 2064 945 2143 καθα
976 2067 1040 2157 τῆς
1069 2064 1160 2154 νειὸς
1189 2073 1256 2142 καί
1284 2066 1355 2142 τοῦ
1385 2071 1505 2144 σίτου.

799 2196 1010 2289 (Demosth.
1029 2197 1112 2273 adv.
1134 2196 1268 2275 Lacrit.
1290 2195 1399 2288 941.)

771 2357 859 2433 629.

231 2461 438 2560 Argentum
468 2491 514 2538 ne
543 2466 653 2540 liceat
680 2476 849 2540 mutuum
873 2465 962 2541 dare
983 2465 1047 2540 ulli
1067 2465 1349 2543 Atheniensium
1369 2478 1434 2542 aut
1451 2467 1505 2542 in·

125 2593 347 2692 quilinorum
367 2590 525 2668 Athenis
556 2592 771 2693 degentium
800 2594 954 2668 autulii
984 2619 1110 2669 eorum
1140 2620 1292 2693 quorum
1311 2591 1348 2666 hi
1368 2590 1507 2666 domini

125 2728 230 2812 sunt,
260 2718 299 2792 in
318 2742 475 2810 navem,
508 2744 603 2816 quac
623 2717 789 2793 Athenas
814 2728 967 2794 vectura
995 2744 1069 2793 non
1097 2719 1145 2794 sit
1169 2718 1401 2793 fnrmentum.
1439 2715 1507 2791 Sin

125 2842 204 2942 quis
223 2855 393 2919 mutuum
412 2841 556 2918 dederit
575 2843 834 2936 contraham,
855 2855 935 2919 esto
955 2843 1184 2919 denuntiatio
1205 2852 1242 2918 et
1263 2842 1507 2943 praescriptio

125 2969 267 3070 argenti
286 2968 385 3070 apud
406 2980 615 3063 curatorea,
645 2969 957 3068 quemadmodum
976 2982 1014 3045 et
1032 2970 1139 3045 navis
1159 2980 1196 3045 et
1215 2968 1400 3044 frumenti.

233 3237 280 3310 Oi
300 3239 472 3340 λογισταί
492 3233 560 3323 τὰς
580 3232 754 3326 εὐθύνας
774 3230 923 3325 ἁπάσας
942 3235 1143 3341 είςάγουσι.

757 3348 931 3440 (Bekhor
948 3348 1091 3425 Anecd.
1110 3375 1164 3448 gr.
1186 3352 1214 3427 I.
1234 3375 1270 3450 p.
1292 3348 1402 3441 2I0.)

772 3507 860 3583 630.

232 3616 407 3714 Logistae
427 3641 557 3690 omnes
576 3614 849 3692 reddendarum
869 3617 1053 3693 rationum
1072 3619 1237 3694 actiones
1256 3617 1507 3693 introducunt.

772 3778 862 3855 631.
917 3789 920 3796 ’
973 3804 975 3811 ·

234 3883 280 3956 Oi
299 3887 518 3984 ἐπιγραφαῖς
536 3879 584 3956 τοί
610 3878 843 3981 ὀφειλόμενα
863 3890 928 3977 ἐφ’
958 3880 1075 3973 taetra
1103 3882 1229 3984 ἑκάςῳ
1258 3879 1486 3987 ίιιιγρὰφοσι
1496 3939 1508 3972 ,

123 4011 191 4081 καί
219 4003 283 4095 τίς
311 4002 364 4080 aix
398 4011 643 4106 εἰσφέροντας
680 4005 876 4112 ιίσάγιισιν
907 4013 961 4094 είς
989 4005 1033 4082 τὸ
1063 4005 1310 4107 ὃικαςὴριον·
1348 4003 1510 4111 ἐπιγρά-

124 4159 215 4226 <paor
237 4131 274 4209 δὲ
294 4137 363 4207 καί
383 4129 427 4208 ια’
448 4131 638 4234 τιμίριαια
658 4132 810 4226 ἑκάςοις
829 4131 931 4211 κατὰ
950 4132 1021 4226 τὴν
1039 4131 1166 4225 ἀξίαν.
1518 4122 1520 4124 A

799 4368 844 4445 3¹
989 4264 1145 4356 (Pollux
1165 4264 1269 4358 VIII,
1294 4264 1405 4358 103.)

772 4372 795 4444 6
852 4430 860 4446 .

232 4474 376 4552 Notarii
406 4477 637 4574 singulorum
667 4489 800 4554 notant
828 4477 956 4555 debita
985 4489 1022 4554 et
1050 4502 1127 4555 non
1153 4480 1342 4557 solventes
1361 4480 1400 4556 in
1413 4481 1512 4583 judi·

124 4603 221 4679 cium
249 4613 394 4678 vocant.
443 4601 608 4702 Singulis
638 4630 784 4702 quoque
813 4603 991 4695 mulctas,
1019 4617 1130 4704 prout
1156 4605 1311 4706 dignum
1343 4612 1418 4703 Ast,
1447 4604 1511 4683 ad·

122 4730 305 4806 scribunt.

233 4942 279 5017 Oi
299 4936 523 5029 ἀποστολαῖς
541 4946 611 5016 καί
629 4944 668 5015 οἱ
687 4939 766 5016 τῶν
796 4947 966 5040 νεωρίων
992 4948 1208 5043 ἐπιμεληταί
1229 4943 1425 5048 εἰσάγουσι
1443 4940 1512 5030 wig

126 5065 369 5154 διαδικασίας
387 5071 440 5155 εἰς
459 5064 503 5143 τὸ
524 5067 774 5167 δικαστήριον
797 5066 864 5154 τὰς
884 5073 966 5166 ιιιρί
984 5070 1065 5145 τῶν
1083 5070 1242 5145 σκευῶν.
1398 5071 1401 5076 ’

795 5243 798 5249 .
817 5180 1031 5277 (Demosth.
1050 5183 1090 5258 in
1109 5183 1245 5281 Everg.
1269 5180 1404 5276 1147.)
