3436 5790
588 440 781 494 :susurro
800 438 1045 492 suursurrss.
1429 417 1505 491 187

237 773 281 847 Oi
302 768 339 846 δὲ
356 769 409 869 μὴ
430 775 583 868 ἔχοντες
602 780 770 862 ἐκτῖσαι,
794 776 1100 874 καθείργνυνται
1120 779 1163 849 ἐν
1181 771 1236 871 τῴ
1256 769 1503 873 δεσμωτηρίῳ.

772 1007 847 1081 762
975 898 1147 993 (Suidasz
1182 894 1395 993 ὀφλήσειν.)

235 1151 305 1244 Qui
326 1162 449 1227 eutem
468 1177 543 1228 non
562 1164 649 1228 sunt
667 1151 867 1245 solvendo,
901 1150 1111 1228 detinentur
1129 1151 1168 1226 in
1187 1150 1405 1228 carceribus.

769 1332 857 1408 766.

236 1473 281 1547 (λέ
296 1474 459 1571 χρῆσται
479 1472 758 1571 ἐμβατεύουσιν
776 1475 829 1561 εἰς
848 1469 895 1547 τοὶ
915 1470 1089 1571 κτήματα
1116 1471 1187 1547 τού
1212 1471 1501 1568 δανεισαμένου,

130 1602 309 1699 λαβόντες
328 1601 373 1699 τῇ
392 1594 633 1705 ύπεριμερέα.
655 1618 662 1623 “
720 1605 931 1701 (Demosth.
951 1604 1035 1683 adv,
1056 1604 1211 1706 Aputur.
1231 1603 1320 1698 894,
1340 1604 1398 1696 7.)

770 1782 857 1860 766.

233 1926 445 2005 Creditores
463 1927 723 2028 ingrediuntur
739 1924 787 2006 ad
806 1930 904 2004 bona
923 1926 1100 2005 debitoris
1120 1936 1157 2004 et
1173 1926 1334 2029 pignore
1352 1925 1503 2028 capiunt

128 2051 253 2153 elapso
272 2052 331 2129 die
350 2052 552 2131 solutionis.
771 2160 848 2235 764

234 2304 300 2376 Δεῖ
315 2297 386 2376 τὸν
405 2299 601 2400 δήμαρχον
620 2301 784 2406 ἀγαγεῖν
799 2305 852 2388 εἰς
870 2298 962 2387 τούς
991 2302 1127 2387 οἴκους
1156 2299 1247 2387 τούς
1272 2304 1458 2396 ἐνεχυοαζ
1481 2344 1501 2355 -

124 2431 272 2520 μένους·
671 2428 815 2523 (Sobel.
833 2429 875 2505 in
893 2428 1131 2531 Aristophen.
1154 2430 1291 2506 Nubes.
1312 2429 1395 2520 37.)

767 2588 855 2665 764.

231 2735 428 2813 Demerehi
447 2734 625 2811 inducant
643 2734 680 2809 in
699 2732 829 2810 domos
848 2731 949 2828 illos,
981 2734 1042 2834 qui
1062 2733 1219 2835 pignora
1239 2732 1400 2834 capiunt.

727 2932 729 2937 =
771 2893 859 2969 765.

224 3027 331 3133 Ὅτῳ
351 3032 398 3110 ού
417 3042 565 3132 μέτεστι
584 3035 647 3126 τῆς
668 3037 879 3122 πολιτείας,
909 3030 998 3129 οὐχ’
1025 3030 1140 3121 οἶόςτ’
1160 3043 1237 3111 ἐστι
1266 3033 1502 3134 εἰσπράττειν

130 3150 198 3231 ὅσα
217 3165 277 3233 ἐπὶ
297 3159 347 3262 γῇ
367 3166 435 3236 καὶ
457 3164 671 3248 συνοικίαις
690 3156 917 3246 δεδανεικώς
937 3151 992 3249 ἦν.

710 3289 921 3382 (Demosth.
941 3316 1010 3390 pro
1030 3289 1264 3366 Phormione.
1285 3291 1393 3381 946.)

765 3450 852 3527 765.

233 3594 305 3687 Qui
324 3594 489 3669 nondum
508 3595 547 3669 in
568 3595 756 3670 civitatem
776 3595 912 3671 ascitus
932 3607 1007 3688 est,
1034 3622 1107 3671 non
1127 3607 1251 3696 potest
1270 3596 1416 3694 exigere
1437 3620 1500 3688 ea,

129 3744 219 3817 quae
239 3718 286 3795 ad
306 3718 441 3795 fundos
460 3728 496 3794 ot
515 3718 624 3795 aedes
645 3717 724 3797 aliis
744 3732 871 3796 mutuo
891 3720 1054 3797 dederat.

770 3897 856 3974 766.

234 4037 282 4110 Οἱ
309 4033 424 4128 δίκην
452 4037 695 4128 νικήσαντες,
730 4033 823 4117 ὥστε
850 4033 1066 4136 ἀπολαβεῖν
1096 4042 1247 4138 χωρίον
1285 4034 1307 4129 ἢ
1345 4040 1500 4124 οἰκίαν,

128 4162 253 4235 ἔπειτα
270 4161 496 4261 ἐμβατεύειν
520 4162 783 4261 κωλυόμενοι,
815 4158 838 4254 ii
866 4162 1166 4261 ἐμβατεύσαντες
1190 4161 1499 4261 ἐξελαυνόμενοι,

127 4285 241 4375 δίκην
267 4286 464 4391 εἰσάγουσι
493 4287 584 4386 πρὸς
620 4286 712 4376 τούς
749 4286 1022 4380 ἐξελαύνοντας
1052 4283 1073 4380 ἢ
1102 4284 1181 4365 οὐκ
1208 4276 1351 4377 ἐῶντας
1379 4291 1454 4388 ἐμβ
1481 4334 1500 4348 ·

126 4410 269 4501 τεύειν,
299 4419 366 4487 καὶ
388 4409 483 4505 αὕτη
505 4407 523 4505 ἦ
546 4414 634 4505 δίκη
663 4414 870 4506 ἐξούλης
898 4419 1080 4489 καλεῖται.

893 4544 1067 4639 (Suidust
1095 4539 1249 4633 ἐξούλης
1271 4539 1393 4638 δίκη.)

661 4677 668 4695 ’
766 4654 854 4731 766.

232 4791 375 4884 Quibus
394 4792 586 4892 praedium
603 4793 663 4870 vel
681 4794 812 4873 dumus
831 4820 851 4873 e
874 4795 1058 4871 sententis
1079 4794 1218 4895 judiois
1245 4795 1498 4896 adjudicatur,

126 4914 157 4988 si
174 4914 344 5012 ingressu
371 4916 450 5016 ejus
471 4918 738 5018 prohibeantur·
766 4919 824 4995 vel
852 4921 940 4997 inde
960 4919 1213 5021 expelluntur,
1241 4919 1424 4998 actionem
1443 4919 1497 4994 in·

127 5039 325 5116 troduount
342 5040 433 5135 illis,
463 5043 526 5142 qui
554 5069 618 5120 eos
647 5044 858 5146 expulerint
875 5045 938 5122 vel
957 5045 1129 5144 ingressu
1146 5045 1414 5147 prohibuerint.
1450 5045 1499 5122 Et

127 5173 276 5242 vocatur
293 5165 386 5243 hueo
403 5165 501 5244 sotio
529 5168 584 5246 de
613 5169 669 5246 vi.
