3436 5790
737 483 943 538 comtum.
1450 464 1529 543 999

145 668 287 747 aerario
305 695 328 747 a
346 671 493 771 singulo
513 670 654 750 talento
673 672 835 752 solvunt.
873 673 933 750 Illi
959 699 1050 751 vero
1071 676 1247 779 Equitum
1277 703 1430 756 censum
1458 681 1530 758 sol·

145 808 295 891 ventes,
326 797 425 900 quod
449 824 563 899 equos
582 799 682 877 alere
700 800 866 901 possint,
895 800 947 875 ita
969 799 1154 879 dicuntur.
1191 801 1387 882 Mensuras
1406 816 1530 882 autem

144 921 323 1020 colligunt
340 935 546 1020 trecentas,
577 934 614 1002 et
633 950 655 999 a
673 924 822 1022 singulo
842 925 1077 1001 semitalento
1097 929 1259 1003 solvunt.
1297 929 1325 1004 J
1328 941 1526 1030 agatorum

145 1056 267 1123 autem
285 1072 439 1125 censum
457 1046 643 1126 solventes
663 1075 684 1124 a
704 1048 872 1125 ducentis
892 1051 1073 1126 mensuris
1093 1052 1145 1128 ita
1174 1052 1367 1151 dicuntur,
1396 1069 1433 1132 et
1451 1057 1525 1132 sol·

145 1182 236 1245 vunt
253 1198 276 1246 a
294 1173 450 1272 singulis
469 1172 599 1253 decem
617 1173 736 1250 minis.
774 1172 1027 1252 Mercenariae
1057 1187 1182 1255 autem
1199 1171 1354 1283 [classim
1384 1181 1527 1258 nullum

145 1297 399 1394 magistratum
419 1300 580 1396 obeunt,
610 1324 730 1401 neque
751 1298 954 1401 quidquam
973 1300 1134 1379 solvunt.

791 1462 878 1538 905.

250 1597 351 1690 Τούς
375 1606 582 1702 μετοίκους
608 1604 677 1677 καί
704 1597 796 1689 τούς
823 1606 1001 1699 τεχνίτας
1037 1598 1179 1693 ἀτελεῖς
1208 1600 1384 1696 ποιῆσαι,
1423 1599 1525 1694 ὅπως

142 1717 258 1820 ὄχλος
294 1727 413 1816 πολύς
441 1725 694 1825 πανταχόθεν
721 1730 775 1814 είς
802 1724 874 1820 τὴν
903 1727 1016 1806 πόλιν
1043 1735 1237 1828 κατέλθῃ,
1270 1736 1340 1806 καί
1371 1734 1524 1818 πλείους

142 1856 274 1948 τέχνας
293 1852 634 1931 κατασκευάσωσιν
652 1847 827 1953 εὐχερῶς.

650 1982 822 2076 (Diodor.
842 1983 910 2079 XI,
932 1983 992 2059 43.
1024 1983 1102 2061 Lex
1121 1984 1416 2080 Themistoclis.)

789 2143 877 2219 906.

245 2285 419 2387 Inquilini
448 2297 485 2362 ct
512 2287 665 2388 opifices
693 2287 876 2361 immunes
905 2298 1035 2381 sunto,
1066 2299 1107 2363 ut
1135 2288 1245 2367 turba
1274 2289 1521 2391 undequaque

141 2413 178 2487 in
197 2414 328 2489 urbem
346 2413 508 2490 confluat
527 2424 564 2488 et
583 2438 720 2510 magna
749 2412 989 2489 artificiorum
1018 2414 1178 2492 varietas
1198 2415 1352 2492 minimo
1371 2414 1524 2516 negotio

142 2552 383 2641 comparetur.

785 2646 873 2723 906.

233 2779 364 2862 Ὅταν
375 2785 584 2889 χρημάτων
603 2779 629 2884 ᾗ
647 2785 811 2887 εἰσφοραὶ
841 2782 933 2886 πρὸς
960 2783 1033 2879 τὴν
1051 2787 1167 2866 πόλιν
1186 2793 1223 2866 οἱ
1243 2791 1404 2890 ίζιιποροι
1426 2785 1522 2881 ἀζή-

136 2939 220 3010 μιοι
239 2909 588 3009 διαφυλάττονται,
617 2906 666 3002 ὥς
691 2911 765 3005 τήν
783 2918 898 2991 πόλιν
926 2910 1165 3009 ὠφελοῦντες
1193 2920 1348 2992 πλεῖστα
1374 2910 1437 2991 διαὶ
1456 2912 1523 3007 τῆς

141 3030 270 3113 αὐτῶν
287 3043 478 3141 ἐμπορίας.
703 3042 846 3137 (Schol.
865 3043 906 3119 in
925 3041 1164 3147 Aristophan.
1184 3045 1280 3124 Plut.
1302 3047 1414 3140 904.)

785 3207 873 3283 906.

244 3347 369 3443 Quum
395 3350 577 3454 pecuniae
603 3349 749 3428 civitati
776 3349 1038 3446 conferuntur,
1067 3365 1293 3431 mercatores
1326 3354 1522 3434 indemnes

140 3486 422 3571 conservantur,
441 3476 529 3578 quia
546 3501 615 3578 per
633 3486 880 3552 mercaturam
898 3475 1099 3577 plurimum
1118 3477 1300 3580 adjuvant
1319 3481 1520 3559 civitatem.

780 3655 869 3730 907.

248 3793 337 3872 Teia
351 3797 403 3883 είς
417 3791 489 3871 τόν
511 3792 683 3897 πόλεμον
701 3799 771 3872 καὶ
790 3793 860 3887 τὴν
879 3798 1067 3897 σωτηρίαν
1084 3797 1150 3888 τῆς
1170 3794 1310 3886 πόλεως
1328 3798 1523 3900 εἰσφορῶν

139 3916 264 4009 οὐδεὶς
283 3926 358 3998 ἐστ’
377 3917 519 4011 ἀτελής.
793 3924 1007 4020 (Demosth.
1028 3926 1112 4004 adv.
1135 3927 1283 4030 Leptin.
1304 3928 1413 4020 462.)

786 4084 875 4162 907.

244 4233 348 4325 Quae
367 4232 514 4309 inbelli
542 4231 826 4309 necessitatibus
854 4231 1057 4329 exiguntur
1084 4231 1312 4335 salutemque
1341 4232 1519 4336 reipubli-

136 4383 201 4435 cae
222 4359 416 4435 continent
433 4357 593 4453 tributa,
621 4381 749 4433 eorum
767 4355 908 4433 nemini
928 4354 1037 4433 datur
1056 4357 1132 4433 ulla
1149 4357 1375 4435 immunitas.

782 4517 871 4596 908.

246 4659 334 4736 Τῶν
348 4655 402 4759 μὴ
423 4654 678 4759 εἰσφερόντων
697 4653 744 4733 τὰ
776 4660 921 4760 σφέτερ’
942 4652 1073 4735 αὐτῶν
1090 4654 1158 4746 τοὶς
1178 4656 1312 4748 οὐσίας
1332 4656 1520 4761 δημεύειν.

855 4788 1011 4891 (Lysias
1030 4817 1061 4866 c.
1081 4788 1280 4867 Philocrat.
1301 4786 1334 4892 §.
1355 4790 1412 4883 9.)

779 4951 869 5029 908.

242 5090 316 5187 Qui
335 5120 355 5170 e
374 5093 528 5196 privatis
548 5092 707 5169 fortunis
725 5093 867 5172 tributa
885 5094 1037 5195 publica
1061 5120 1137 5172 non
1157 5094 1428 5197 persolverint,
1458 5117 1518 5168 eo-

133 5248 216 5298 rum
235 5240 295 5297 tes
312 5218 514 5298 familiares
532 5219 780 5322 publicentur.
