3436 5790
552 400 603 450 us
621 397 858 450 suessonum
877 397 928 448 ns
946 400 1194 451 Possessmsn
1488 378 1565 453 3¹73

821 589 933 664 1451.

288 732 368 809 Τὸν
388 730 723 834 ἀποστερούμενον
742 728 847 818 τινὸς
866 727 1080 828 κτηματος,
1111 725 1135 805 ὃ
1158 732 1260 836 γοῦν
1277 739 1471 824 κατέθηκε
1489 763 1564 809 κο-

172 864 355 959 μίζεσθαι
377 857 478 959 παρὰ
499 859 576 935 τῶν
595 855 817 954 εἰληφότων.

747 987 839 1078 (Dio
859 984 1052 1088 Chrysost,
1074 1011 1181 1062 senn.
1204 987 1264 1062 31.
1285 1015 1321 1089 p.
1342 987 1454 1081 328.)
1573 1030 1578 1041 ·

814 1145 927 1221 1451.

283 1291 355 1385 Qui
384 1291 617 1392 possessione
647 1291 807 1391 quadam
831 1292 1019 1391 privatur,
1049 1292 1205 1391 recipiat
1224 1291 1271 1366 ab
1293 1293 1562 1393 accipientibus

177 1417 276 1518 quod
296 1444 363 1517 pro
383 1417 447 1493 illa
466 1417 637 1495 solverat.

811 1523 924 1599 1452.

283 1665 335 1738 Εί
349 1696 383 1739 τι
404 1672 577 1769 ἐγκαλεῖς
605 1696 679 1742 τινι
711 1671 780 1740 καί
808 1664 887 1741 τῶν
906 1664 983 1741 cciv
1002 1695 1038 1740 τι
1058 1667 1160 1761 ἔχει,
1191 1663 1351 1742 ἐίκασαι
1370 1664 1478 1768 αὐτῷ
1489 1724 1500 1758 ,
1528 1673 1565 1745 τί

171 1793 246 1889 μὲν
268 1796 419 1891 χωρίου
443 1788 714 1892 ἀμφισβητεῖς,
743 1789 967 1890 καρποῦ,
996 1795 1033 1865 εἰ
1060 1790 1097 1865 δὲ
1129 1795 1280 1882 οἰκίας,
1310 1799 1560 1872 ἐνοικίου.

838 1921 1125 2022 (Harpocratioz
1155 1918 1312 2016 καρποῦ
1332 1917 1455 2018 δίκη.)

815 2083 929 2158 1452.

282 2227 321 2303 si
350 2227 439 2328 quid
468 2227 600 2327 objicis
628 2228 759 2320 alicui,
794 2238 831 2301 et
860 2236 1005 2302 tuarum
1033 2251 1157 2301 rerum
1185 2225 1348 2327 aliquam
1376 2228 1561 2327 possidet,

174 2356 361 2431 actionem
388 2352 562 2428 intende:
592 2351 697 2427 side
726 2376 818 2447 agro
847 2350 992 2449 litigas,
1029 2351 1188 2451 quoad
1215 2353 1428 2446 fructus,
1456 2351 1561 2429 side

175 2480 306 2573 domo,
336 2477 458 2578 quoad
487 2477 701 2579 pretium
729 2476 1012 2554 locationis.

685 2668 687 2673 ⁴
808 2636 921 2711 1453.

282 2781 328 2856 Οί
358 2777 606 2876 δικαζόμενοι
635 2784 717 2878 περὶ
739 2783 899 2883 χωρίων
926 2772 949 2868 ἢ
978 2776 1119 2853 οἰκιῶν
1148 2773 1241 2877 πρὸς
1266 2773 1357 2863 τοῦς
1376 2779 1559 2878 iporeae}

176 2905 354 2991 οὐσίας
383 2902 609 2997 δικάζονται
638 2900 708 2995 τὴν
737 2903 916 3003 δευτέραν
936 2901 1070 2994 δίκην·
1104 2895 1182 2992 ridi
1205 2908 1368 3001 προτέρα
1387 2910 1463 2978 ἐστι
1481 2905 1561 2981 τῶν

170 3037 245 3132 μὲν
276 3029 416 3106 οίκιιῦν
443 3034 701 3121 ἐνοικίου,
730 3027 1284 3130 τῦνδέχωρίωνκαρποῦ,
1314 3032 1419 3126 τρίτη
1439 3027 1477 3104 δὲ
1498 3034 1559 3105 ἐττί

174 3156 324 3244 τούτοις
352 3164 369 3233 ἐ
379 3151 474 3247 ξοῦ
483 3162 574 3247 λης.
614 3161 692 3231 Καὶ
721 3158 840 3248 sessu
868 3166 948 3242 τοῖς
978 3151 1107 3229 ἐλοῦσι
1138 3165 1296 3252 κρατεῖν
1314 3153 1392 3230 τῶν
1409 3153 1558 3254 κτημά-

175 3313 250 3360 των
268 3286 336 3357 καί
356 3285 393 3357 εἰ
408 3277 480 3373 τήν
500 3279 615 3373 δίκην
641 3279 713 3374 την
740 3278 815 3358 τοῦ
842 3278 995 3379 καρποῦ
1018 3273 1130 3371 ἢτοῦ
1151 3283 1328 3356 ἐνοικίου
1347 3284 1415 3355 καί
1436 3285 1472 3356 εἰ
1487 3276 1559 3373 τὴν

176 3409 353 3508 δευτέραν
381 3401 582 3500 ἧττηθεῖεν
609 3405 681 3498 τήν
707 3408 772 3500 τῆς
802 3405 958 3493 οὐσίας·
998 3410 1035 3482 εί
1061 3404 1098 3482 δέ
1127 3410 1196 3480 καί
1226 3403 1381 3496 ἐξούλης
1411 3397 1556 3497 closer,

175 3533 305 3613 οὐκέτι
327 3537 471 3625 ἐξεστιν
490 3541 722 3632 ἐπικρατεῖν,
748 3531 832 3609 ἀλλ’
849 3536 1073 3624 ἐξίστασθαι
1093 3530 1151 3607 δεῖ
1170 3525 1238 3624 ἤδη
1257 3531 1336 3607 τῶν
1354 3530 1558 3630 κτημάτων

173 3673 251 3748 τοῖς
270 3659 655 3760 καταδικασαμένοις.
854 3661 1144 3763 (Harpocratioz
1173 3654 1307 3745 οὐσίας
1326 3655 1448 3752 δίκη.)

807 3822 920 3899 1453.

280 3969 410 4064 Quide
430 3970 529 4068 agris
549 3969 610 4045 vel
628 3969 783 4045 aedibus
795 3966 939 4071 judicio
959 3966 1132 4043 adversus
1152 3964 1384 4070 possidentes
1403 3977 1555 4044 conteu-

174 4096 285 4192 dunt,
312 4095 458 4173 actione
478 4093 642 4172 secunda
667 4096 716 4170 in
744 4120 838 4170 rem
864 4104 1029 4169 utuntor.
1068 4092 1195 4167 Prima
1214 4117 1304 4167 vero
1324 4092 1438 4188 aetio,
1458 4092 1488 4167 si
1507 4092 1555 4169 de

174 4226 284 4301 domo
313 4219 560 4316 contendant,
590 4220 640 4295 sit
667 4220 705 4295 in
734 4219 948 4322 pretium
975 4218 1268 4310 locationis,
1306 4218 1336 4292 si
1366 4216 1411 4293 de
1440 4242 1553 4317 agro,

172 4349 211 4423 in
238 4346 257 4420 s
263 4358 452 4441 ructus,
483 4358 520 4423 et
548 4357 633 4447 post
651 4346 718 4422 has
738 4344 848 4421 tertia
865 4344 961 4421 sotio
990 4342 1043 4418 de
1073 4343 1128 4417 vi.
1165 4343 1214 4417 Et
1232 4343 1262 4417 si
1280 4342 1320 4416 in
1339 4354 1552 4419 controver-

172 4473 225 4550 sia
244 4471 429 4549 defructu
448 4469 508 4547 vel
538 4470 733 4548 locationis
761 4471 900 4571 pretio,
928 4469 1006 4544 imo
1035 4467 1147 4543 etiam
1165 4467 1204 4543 in
1224 4467 1389 4544 secunda
1407 4469 1552 4546 actione

171 4596 217 4674 de
236 4624 277 4674 re
303 4597 560 4691 vincerentur,
589 4597 783 4673 tamenin
811 4594 1044 4696 possessione
1073 4603 1305 4695 permanent.
1343 4592 1410 4671 Sin
1429 4606 1553 4673 autem

172 4724 317 4800 actione
346 4720 392 4797 de
420 4721 458 4798 vi
486 4747 633 4825 quoque
663 4721 947 4816 damnarentur,
976 4746 1052 4796 non
1073 4719 1152 4820 jam
1182 4719 1350 4798 obtinere
1378 4722 1437 4798 fes
1460 4731 1551 4818 esto,

173 4849 238 4930 sed
257 4847 461 4927 victoribus
479 4848 612 4927 cedere
630 4848 865 4948 possessione
884 4856 1077 4946 coguntor.

809 5008 921 5083 1454.

273 5144 333 5228 ‘H
347 5147 385 5228 δὲ
405 5149 468 5243 τῆς
487 5148 639 5244 ἐξούλης
656 5149 745 5242 δίκη
769 5154 941 5257 γίγνεται
951 5205 962 5241 ,
993 5143 1089 5227 ὅταν
1106 5178 1162 5238 τις
1180 5147 1251 5227 τὸν
1270 5145 1480 5250 πριάμινον
1493 5145 1548 5249 μί
