<?xml version="1.0" encoding="UTF-8"?>
<!DOCTYPE html PUBLIC "-//W3C//DTD XHTML 1.0 Transitional//EN"
    "http://www.w3.org/TR/xhtml1/DTD/xhtml1-transitional.dtd">
<html xmlns="http://www.w3.org/1999/xhtml" xml:lang="en" lang="en">
 <head>
  <title>
</title>
<meta http-equiv="Content-Type" content="text/html;charset=utf-8" />
  <meta name='ocr-system' content='tesseract 3.04.00' />
  <meta name='ocr-capabilities' content='ocr_page ocr_carea ocr_par ocr_line ocrx_word'/>
</head>
<body>
  <div class='ocr_page' id='page_1' title='image "./synaggtnattiknn00tlgoog_0283.png"; bbox 0 0 3436 5790; ppageno 0'>
   <div class='ocr_carea' id='block_1_1' title="bbox 520 400 1516 478">
    <p class='ocr_par' dir='ltr' id='par_1_1' title="bbox 520 400 1516 478">
     <span class='ocr_line' id='line_1_1' title="bbox 520 400 1516 478; baseline 0.001 -4"><span class='ocrx_word' id='word_1_1' title='bbox 520 424 852 476; x_wconf 62' lang='lat' dir='ltr'><strong>urransrornrruu</strong></span> <span class='ocrx_word' id='word_1_2' title='bbox 871 423 1111 478; x_wconf 73' lang='lat' dir='ltr'><strong>rorurnnrs„</strong></span> <span class='ocrx_word' id='word_1_3' title='bbox 1428 400 1516 478; x_wconf 83' lang='lat'>259.</span> 
     </span>
    </p>
   </div>
   <div class='ocr_carea' id='block_1_2' title="bbox 746 616 860 692">
    <p class='ocr_par' dir='ltr' id='par_1_2' title="bbox 746 616 860 692">
     <span class='ocr_line' id='line_1_2' title="bbox 746 616 860 692; baseline 0.035 -4"><span class='ocrx_word' id='word_1_4' title='bbox 746 616 860 692; x_wconf 77' lang='grc'><strong>1025.</strong></span> 
     </span>
    </p>
   </div>
   <div class='ocr_carea' id='block_1_3' title="bbox 108 757 1612 3748">
    <p class='ocr_par' dir='ltr' id='par_1_3' title="bbox 111 757 1504 1739">
     <span class='ocr_line' id='line_1_3' title="bbox 218 757 1504 863; baseline 0.003 -28"><span class='ocrx_word' id='word_1_5' title='bbox 218 757 257 835; x_wconf 81' lang='lat' dir='ltr'><strong>Si</strong></span> <span class='ocrx_word' id='word_1_6' title='bbox 286 761 368 860; x_wconf 90' lang='lat' dir='ltr'><strong>quis</strong></span> <span class='ocrx_word' id='word_1_7' title='bbox 395 761 595 860; x_wconf 89' lang='lat' dir='ltr'><strong>imperium</strong></span> <span class='ocrx_word' id='word_1_8' title='bbox 622 759 806 861; x_wconf 87' lang='lat' dir='ltr'><strong>populare</strong></span> <span class='ocrx_word' id='word_1_9' title='bbox 826 759 983 838; x_wconf 87' lang='lat' dir='ltr'><strong>Athenis</strong></span> <span class='ocrx_word' id='word_1_10' title='bbox 1012 763 1208 853; x_wconf 89' lang='lat' dir='ltr'><strong>everterit,</strong></span> <span class='ocrx_word' id='word_1_11' title='bbox 1239 774 1303 836; x_wconf 86' lang='lat' dir='ltr'><strong>aut</strong></span> <span class='ocrx_word' id='word_1_12' title='bbox 1322 788 1504 863; x_wconf 90' lang='lat' dir='ltr'><strong>oppressa</strong></span> 
     </span>
     <span class='ocr_line' id='line_1_4' title="bbox 112 885 1503 986; baseline 0.003 -27"><span class='ocrx_word' id='word_1_13' title='bbox 112 885 304 984; x_wconf 85' lang='lat' dir='ltr'><strong>republica</strong></span> <span class='ocrx_word' id='word_1_14' title='bbox 320 885 578 983; x_wconf 85' lang='lat' dir='ltr'><strong>magistratum</strong></span> <span class='ocrx_word' id='word_1_15' title='bbox 597 885 795 986; x_wconf 84' lang='lat' dir='ltr'>quemdam</span> <span class='ocrx_word' id='word_1_16' title='bbox 817 889 995 984; x_wconf 82' lang='lat' dir='ltr'><strong>gesserit,</strong></span> <span class='ocrx_word' id='word_1_17' title='bbox 1029 889 1060 961; x_wconf 90' lang='lat' dir='ltr'><strong>is</strong></span> <span class='ocrx_word' id='word_1_18' title='bbox 1079 887 1196 963; x_wconf 89' lang='lat' dir='ltr'><strong>hostis</strong></span> <span class='ocrx_word' id='word_1_19' title='bbox 1216 885 1503 965; x_wconf 80' lang='lat' dir='ltr'><strong>Atheniensium</strong></span> 
     </span>
     <span class='ocr_line' id='line_1_5' title="bbox 112 1009 1503 1113; baseline 0.003 -29"><span class='ocrx_word' id='word_1_20' title='bbox 112 1009 288 1103; x_wconf 86' lang='lat' dir='ltr'><strong>habetor,</strong></span> <span class='ocrx_word' id='word_1_21' title='bbox 318 1022 427 1110; x_wconf 89' lang='lat' dir='ltr'><strong>atque</strong></span> <span class='ocrx_word' id='word_1_22' title='bbox 458 1011 576 1086; x_wconf 91' lang='lat' dir='ltr'><strong>inulto</strong></span> <span class='ocrx_word' id='word_1_23' title='bbox 600 1011 772 1105; x_wconf 88' lang='lat' dir='ltr'><strong>moriter,</strong></span> <span class='ocrx_word' id='word_1_24' title='bbox 803 1023 840 1087; x_wconf 90' lang='lat' dir='ltr'><strong>et</strong></span> <span class='ocrx_word' id='word_1_25' title='bbox 858 1012 1054 1088; x_wconf 84' lang='lat' dir='ltr'><strong>facultates</strong></span> <span class='ocrx_word' id='word_1_26' title='bbox 1074 1015 1154 1113; x_wconf 92' lang='lat' dir='ltr'><strong>ejus</strong></span> <span class='ocrx_word' id='word_1_27' title='bbox 1175 1011 1434 1112; x_wconf 87' lang='lat' dir='ltr'><strong>publicantor,</strong></span> <span class='ocrx_word' id='word_1_28' title='bbox 1465 1026 1503 1088; x_wconf 90' lang='lat' dir='ltr'><strong>et</strong></span> 
     </span>
     <span class='ocr_line' id='line_1_6' title="bbox 111 1135 1500 1240; baseline 0.004 -30"><span class='ocrx_word' id='word_1_29' title='bbox 111 1135 255 1211; x_wconf 87' lang='lat' dir='ltr'><strong>decima</strong></span> <span class='ocrx_word' id='word_1_30' title='bbox 283 1162 369 1236; x_wconf 91' lang='lat' dir='ltr'><strong>pars</strong></span> <span class='ocrx_word' id='word_1_31' title='bbox 399 1161 527 1210; x_wconf 90' lang='lat' dir='ltr'><strong>earum</strong></span> <span class='ocrx_word' id='word_1_32' title='bbox 554 1136 744 1212; x_wconf 89' lang='lat' dir='ltr'><strong>Mivervae</strong></span> <span class='ocrx_word' id='word_1_33' title='bbox 774 1163 881 1212; x_wconf 86' lang='lat' dir='ltr'><strong>sacra</strong></span> <span class='ocrx_word' id='word_1_34' title='bbox 909 1148 999 1213; x_wconf 87' lang='lat' dir='ltr'><strong>esto.</strong></span> <span class='ocrx_word' id='word_1_35' title='bbox 1038 1138 1111 1231; x_wconf 78' lang='lat' dir='ltr'><strong>Qui</strong></span> <span class='ocrx_word' id='word_1_36' title='bbox 1140 1148 1267 1211; x_wconf 89' lang='lat' dir='ltr'><strong>autem</strong></span> <span class='ocrx_word' id='word_1_37' title='bbox 1293 1165 1399 1214; x_wconf 92' lang='lat' dir='ltr'><strong>reum</strong></span> <span class='ocrx_word' id='word_1_38' title='bbox 1418 1167 1500 1240; x_wconf 90' lang='lat' dir='ltr'><strong>per-</strong></span> 
     </span>
     <span class='ocr_line' id='line_1_7' title="bbox 113 1263 1501 1364; baseline 0.002 -28"><span class='ocrx_word' id='word_1_39' title='bbox 113 1263 243 1336; x_wconf 82' lang='lat' dir='ltr'><strong>emerit</strong></span> <span class='ocrx_word' id='word_1_40' title='bbox 262 1272 299 1338; x_wconf 89' lang='lat' dir='ltr'><strong>et</strong></span> <span class='ocrx_word' id='word_1_41' title='bbox 317 1264 380 1362; x_wconf 94' lang='lat' dir='ltr'><strong>qui</strong></span> <span class='ocrx_word' id='word_1_42' title='bbox 400 1264 629 1364; x_wconf 83' lang='lat' dir='ltr'><strong>peremptori</strong></span> <span class='ocrx_word' id='word_1_43' title='bbox 650 1264 774 1340; x_wconf 89' lang='lat' dir='ltr'><strong>caedis</strong></span> <span class='ocrx_word' id='word_1_44' title='bbox 794 1274 924 1339; x_wconf 84' lang='lat' dir='ltr'><strong>auctor</strong></span> <span class='ocrx_word' id='word_1_45' title='bbox 943 1265 1074 1358; x_wconf 89' lang='lat' dir='ltr'><strong>fuerit,</strong></span> <span class='ocrx_word' id='word_1_46' title='bbox 1103 1273 1254 1340; x_wconf 86' lang='lat' dir='ltr'><strong>sanctus</strong></span> <span class='ocrx_word' id='word_1_47' title='bbox 1274 1273 1312 1337; x_wconf 89' lang='lat' dir='ltr'><strong>et</strong></span> <span class='ocrx_word' id='word_1_48' title='bbox 1330 1263 1415 1363; x_wconf 89' lang='lat' dir='ltr'><strong>pius</strong></span> <span class='ocrx_word' id='word_1_49' title='bbox 1437 1263 1501 1339; x_wconf 86' lang='lat' dir='ltr'><strong>ha-</strong></span> 
     </span>
     <span class='ocr_line' id='line_1_8' title="bbox 112 1387 1501 1467; baseline 0 -6"><span class='ocrx_word' id='word_1_50' title='bbox 112 1388 227 1462; x_wconf 90' lang='lat' dir='ltr'><strong>betor.</strong></span> <span class='ocrx_word' id='word_1_51' title='bbox 261 1388 289 1462; x_wconf 83' lang='lat' dir='ltr'>J</span> <span class='ocrx_word' id='word_1_52' title='bbox 291 1400 424 1463; x_wconf 88' lang='lat' dir='ltr'><strong>uranto</strong></span> <span class='ocrx_word' id='word_1_53' title='bbox 444 1400 568 1464; x_wconf 89' lang='lat' dir='ltr'><strong>autem</strong></span> <span class='ocrx_word' id='word_1_54' title='bbox 587 1387 837 1466; x_wconf 84' lang='lat' dir='ltr'><strong>Athenienses</strong></span> <span class='ocrx_word' id='word_1_55' title='bbox 858 1417 987 1466; x_wconf 89' lang='lat' dir='ltr'><strong>omnes</strong></span> <span class='ocrx_word' id='word_1_56' title='bbox 1008 1390 1176 1467; x_wconf 88' lang='lat' dir='ltr'><strong>tributim</strong></span> <span class='ocrx_word' id='word_1_57' title='bbox 1195 1400 1232 1465; x_wconf 92' lang='lat' dir='ltr'><strong>et</strong></span> <span class='ocrx_word' id='word_1_58' title='bbox 1252 1388 1422 1464; x_wconf 88' lang='lat' dir='ltr'><strong>curiatim</strong></span> <span class='ocrx_word' id='word_1_59' title='bbox 1441 1413 1501 1462; x_wconf 88' lang='lat' dir='ltr'><strong>su·</strong></span> 
     </span>
     <span class='ocr_line' id='line_1_9' title="bbox 111 1513 1498 1614; baseline 0 -27"><span class='ocrx_word' id='word_1_60' title='bbox 111 1537 177 1613; x_wconf 89' lang='lat' dir='ltr'><strong>per</strong></span> <span class='ocrx_word' id='word_1_61' title='bbox 196 1513 327 1588; x_wconf 87' lang='lat' dir='ltr'><strong>hostiis</strong></span> <span class='ocrx_word' id='word_1_62' title='bbox 346 1515 539 1614; x_wconf 86' lang='lat' dir='ltr'><strong>perfectis,</strong></span> <span class='ocrx_word' id='word_1_63' title='bbox 573 1524 632 1608; x_wconf 86' lang='lat' dir='ltr'><strong>nt,</strong></span> <span class='ocrx_word' id='word_1_64' title='bbox 654 1515 716 1614; x_wconf 93' lang='lat' dir='ltr'><strong>qui</strong></span> <span class='ocrx_word' id='word_1_65' title='bbox 740 1513 882 1593; x_wconf 88' lang='lat' dir='ltr'><strong>isthaec</strong></span> <span class='ocrx_word' id='word_1_66' title='bbox 901 1515 1049 1609; x_wconf 87' lang='lat' dir='ltr'><strong>fecerit,</strong></span> <span class='ocrx_word' id='word_1_67' title='bbox 1079 1542 1164 1591; x_wconf 92' lang='lat' dir='ltr'><strong>eum</strong></span> <span class='ocrx_word' id='word_1_68' title='bbox 1183 1513 1351 1590; x_wconf 90' lang='lat' dir='ltr'><strong>occidere</strong></span> <span class='ocrx_word' id='word_1_69' title='bbox 1372 1513 1498 1588; x_wconf 90' lang='lat' dir='ltr'><strong>velint.</strong></span> 
     </span>
     <span class='ocr_line' id='line_1_10' title="bbox 112 1639 704 1739; baseline -0.003 -25"><span class='ocrx_word' id='word_1_70' title='bbox 112 1639 383 1739; x_wconf 87' lang='lat' dir='ltr'><strong>Jusjurandum</strong></span> <span class='ocrx_word' id='word_1_71' title='bbox 404 1664 493 1714; x_wconf 91' lang='lat' dir='ltr'><strong>vero</strong></span> <span class='ocrx_word' id='word_1_72' title='bbox 513 1639 584 1714; x_wconf 91' lang='lat' dir='ltr'><strong>hoc</strong></span> <span class='ocrx_word' id='word_1_73' title='bbox 604 1649 704 1714; x_wconf 90' lang='lat' dir='ltr'><strong>esto:</strong></span> 
     </span>
    </p>

    <p class='ocr_par' dir='ltr' id='par_1_4' title="bbox 110 1763 1612 3370">
     <span class='ocr_line' id='line_1_11' title="bbox 219 1763 1499 1868; baseline 0.002 -30"><span class='ocrx_word' id='word_1_74' title='bbox 219 1763 424 1859; x_wconf 83' lang='lat' dir='ltr'><strong>„Occidam</strong></span> <span class='ocrx_word' id='word_1_75' title='bbox 442 1790 555 1839; x_wconf 90' lang='lat' dir='ltr'><strong>manu</strong></span> <span class='ocrx_word' id='word_1_76' title='bbox 574 1789 673 1858; x_wconf 88' lang='lat' dir='ltr'><strong>mea,</strong></span> <span class='ocrx_word' id='word_1_77' title='bbox 694 1764 724 1838; x_wconf 87' lang='lat' dir='ltr'><strong>si</strong></span> <span class='ocrx_word' id='word_1_78' title='bbox 743 1775 887 1864; x_wconf 90' lang='lat' dir='ltr'><strong>potero,</strong></span> <span class='ocrx_word' id='word_1_79' title='bbox 908 1791 993 1841; x_wconf 91' lang='lat' dir='ltr'><strong>eum</strong></span> <span class='ocrx_word' id='word_1_80' title='bbox 1012 1767 1075 1865; x_wconf 93' lang='lat' dir='ltr'><strong>qui</strong></span> <span class='ocrx_word' id='word_1_81' title='bbox 1096 1766 1367 1868; x_wconf 87' lang='lat' dir='ltr'><strong>rempublicam</strong></span> <span class='ocrx_word' id='word_1_82' title='bbox 1384 1764 1499 1844; x_wconf 91' lang='lat' dir='ltr'><strong>Athe·</strong></span> 
     </span>
     <span class='ocr_line' id='line_1_12' title="bbox 112 1878 1612 1992; baseline -0.001 -27"><span class='ocrx_word' id='word_1_83' title='bbox 112 1890 167 1965; x_wconf 88' lang='lat' dir='ltr'><strong>nis</strong></span> <span class='ocrx_word' id='word_1_84' title='bbox 186 1889 385 1981; x_wconf 84' lang='lat' dir='ltr'><strong>everterit,</strong></span> <span class='ocrx_word' id='word_1_85' title='bbox 416 1901 452 1964; x_wconf 91' lang='lat' dir='ltr'><strong>et</strong></span> <span class='ocrx_word' id='word_1_86' title='bbox 480 1889 510 1964; x_wconf 91' lang='lat' dir='ltr'><strong>si</strong></span> <span class='ocrx_word' id='word_1_87' title='bbox 538 1889 618 1990; x_wconf 89' lang='lat' dir='ltr'><strong>quis</strong></span> <span class='ocrx_word' id='word_1_88' title='bbox 648 1915 828 1990; x_wconf 91' lang='lat' dir='ltr'><strong>oppresso</strong></span> <span class='ocrx_word' id='word_1_89' title='bbox 856 1891 1013 1990; x_wconf 90' lang='lat' dir='ltr'><strong>imperio</strong></span> <span class='ocrx_word' id='word_1_90' title='bbox 1041 1890 1213 1992; x_wconf 86' lang='lat' dir='ltr'><strong>populari</strong></span> <span class='ocrx_word' id='word_1_91' title='bbox 1241 1891 1501 1988; x_wconf 86' lang='lat' dir='ltr'><strong>magistratum</strong></span> <span class='ocrx_word' id='word_1_92' title='bbox 1610 1878 1612 1883; x_wconf 38' lang='lat'>¹</span> 
     </span>
     <span class='ocr_line' id='line_1_13' title="bbox 112 2015 1500 2117; baseline -0.001 -27"><span class='ocrx_word' id='word_1_93' title='bbox 112 2015 226 2091; x_wconf 91' lang='lat' dir='ltr'><strong>ullum</strong></span> <span class='ocrx_word' id='word_1_94' title='bbox 254 2016 432 2112; x_wconf 80' lang='lat' dir='ltr'><strong>gesserit,</strong></span> <span class='ocrx_word' id='word_1_95' title='bbox 463 2025 500 2089; x_wconf 93' lang='lat' dir='ltr'><strong>et</strong></span> <span class='ocrx_word' id='word_1_96' title='bbox 518 2015 548 2088; x_wconf 88' lang='lat' dir='ltr'><strong>si</strong></span> <span class='ocrx_word' id='word_1_97' title='bbox 568 2016 651 2114; x_wconf 85' lang='lat' dir='ltr'><strong>quie</strong></span> <span class='ocrx_word' id='word_1_98' title='bbox 680 2016 918 2117; x_wconf 74' lang='lat' dir='ltr'><strong>tyrannidem</strong></span> <span class='ocrx_word' id='word_1_99' title='bbox 946 2018 1119 2092; x_wconf 87' lang='lat' dir='ltr'><strong>moliatur</strong></span> <span class='ocrx_word' id='word_1_100' title='bbox 1148 2028 1212 2092; x_wconf 90' lang='lat' dir='ltr'><strong>aut</strong></span> <span class='ocrx_word' id='word_1_101' title='bbox 1231 2017 1441 2117; x_wconf 88' lang='lat' dir='ltr'><strong>adjutorem</strong></span> <span class='ocrx_word' id='word_1_102' title='bbox 1460 2040 1500 2090; x_wconf 90' lang='lat' dir='ltr'><strong>se</strong></span> 
     </span>
     <span class='ocr_line' id='line_1_14' title="bbox 112 2138 1500 2241; baseline -0.001 -26"><span class='ocrx_word' id='word_1_103' title='bbox 112 2152 274 2241; x_wconf 86' lang='lat' dir='ltr'><strong>praestet</strong></span> <span class='ocrx_word' id='word_1_104' title='bbox 301 2138 539 2240; x_wconf 87' lang='lat' dir='ltr'><strong>tyrannidem</strong></span> <span class='ocrx_word' id='word_1_105' title='bbox 567 2141 769 2216; x_wconf 86' lang='lat' dir='ltr'><strong>affectanti.</strong></span> <span class='ocrx_word' id='word_1_106' title='bbox 817 2141 866 2216; x_wconf 86' lang='lat' dir='ltr'><strong>Et</strong></span> <span class='ocrx_word' id='word_1_107' title='bbox 899 2142 929 2214; x_wconf 89' lang='lat' dir='ltr'><strong>si</strong></span> <span class='ocrx_word' id='word_1_108' title='bbox 959 2144 1041 2241; x_wconf 90' lang='lat' dir='ltr'><strong>quis</strong></span> <span class='ocrx_word' id='word_1_109' title='bbox 1071 2142 1165 2218; x_wconf 88' lang='lat' dir='ltr'><strong>alius</strong></span> <span class='ocrx_word' id='word_1_110' title='bbox 1193 2168 1278 2218; x_wconf 91' lang='lat' dir='ltr'><strong>eum</strong></span> <span class='ocrx_word' id='word_1_111' title='bbox 1306 2139 1500 2235; x_wconf 86' lang='lat' dir='ltr'><strong>occiderit,</strong></span> 
     </span>
     <span class='ocr_line' id='line_1_15' title="bbox 112 2263 1497 2368; baseline 0 -28"><span class='ocrx_word' id='word_1_112' title='bbox 112 2266 207 2342; x_wconf 91' lang='lat' dir='ltr'><strong>huuc</strong></span> <span class='ocrx_word' id='word_1_113' title='bbox 227 2266 330 2368; x_wconf 92' lang='lat' dir='ltr'><strong>pium</strong></span> <span class='ocrx_word' id='word_1_114' title='bbox 349 2289 441 2361; x_wconf 79' lang='lat' dir='ltr'><strong>erga</strong></span> <span class='ocrx_word' id='word_1_115' title='bbox 458 2264 548 2339; x_wconf 90' lang='lat' dir='ltr'><strong>deos</strong></span> <span class='ocrx_word' id='word_1_116' title='bbox 581 2274 618 2337; x_wconf 89' lang='lat' dir='ltr'><strong>et</strong></span> <span class='ocrx_word' id='word_1_117' title='bbox 647 2263 847 2340; x_wconf 87' lang='lat' dir='ltr'><strong>daemones</strong></span> <span class='ocrx_word' id='word_1_118' title='bbox 875 2265 1045 2360; x_wconf 87' lang='lat' dir='ltr'><strong>habebo,</strong></span> <span class='ocrx_word' id='word_1_119' title='bbox 1073 2267 1196 2366; x_wconf 92' lang='lat' dir='ltr'><strong>utqui</strong></span> <span class='ocrx_word' id='word_1_120' title='bbox 1216 2263 1497 2343; x_wconf 89' lang='lat' dir='ltr'><strong>hostemAthe·</strong></span> 
     </span>
     <span class='ocr_line' id='line_1_16' title="bbox 111 2389 1501 2492; baseline -0.001 -26"><span class='ocrx_word' id='word_1_121' title='bbox 111 2391 294 2466; x_wconf 88' lang='lat' dir='ltr'><strong>niensium</strong></span> <span class='ocrx_word' id='word_1_122' title='bbox 313 2389 522 2492; x_wconf 89' lang='lat' dir='ltr'><strong>peremerit,</strong></span> <span class='ocrx_word' id='word_1_123' title='bbox 533 2390 777 2487; x_wconf 85' lang='lat' dir='ltr'><strong>fortunasque</strong></span> <span class='ocrx_word' id='word_1_124' title='bbox 794 2391 980 2491; x_wconf 90' lang='lat' dir='ltr'><strong>perempti</strong></span> <span class='ocrx_word' id='word_1_125' title='bbox 1000 2403 1153 2465; x_wconf 88' lang='lat' dir='ltr'><strong>cunetas</strong></span> <span class='ocrx_word' id='word_1_126' title='bbox 1173 2390 1242 2466; x_wconf 91' lang='lat' dir='ltr'><strong>sub</strong></span> <span class='ocrx_word' id='word_1_127' title='bbox 1261 2390 1369 2466; x_wconf 88' lang='lat' dir='ltr'><strong>hasta</strong></span> <span class='ocrx_word' id='word_1_128' title='bbox 1387 2415 1501 2490; x_wconf 90' lang='lat' dir='ltr'><strong>quum</strong></span> 
     </span>
     <span class='ocr_line' id='line_1_17' title="bbox 111 2513 1498 2615; baseline -0.001 -24"><span class='ocrx_word' id='word_1_129' title='bbox 111 2516 333 2609; x_wconf 79' lang='lat' dir='ltr'><strong>vendidero,</strong></span> <span class='ocrx_word' id='word_1_130' title='bbox 361 2527 441 2589; x_wconf 91' lang='lat' dir='ltr'><strong>tum</strong></span> <span class='ocrx_word' id='word_1_131' title='bbox 469 2525 613 2613; x_wconf 88' lang='lat' dir='ltr'><strong>partem</strong></span> <span class='ocrx_word' id='word_1_132' title='bbox 638 2513 830 2590; x_wconf 91' lang='lat' dir='ltr'><strong>dimidiam</strong></span> <span class='ocrx_word' id='word_1_133' title='bbox 850 2516 1028 2614; x_wconf 88' lang='lat' dir='ltr'><strong>pecuniae</strong></span> <span class='ocrx_word' id='word_1_134' title='bbox 1047 2516 1135 2592; x_wconf 92' lang='lat' dir='ltr'><strong>inde</strong></span> <span class='ocrx_word' id='word_1_135' title='bbox 1158 2515 1333 2591; x_wconf 87' lang='lat' dir='ltr'><strong>redactae</strong></span> <span class='ocrx_word' id='word_1_136' title='bbox 1352 2541 1498 2615; x_wconf 92' lang='lat' dir='ltr'><strong>perem-</strong></span> 
     </span>
     <span class='ocr_line' id='line_1_18' title="bbox 111 2638 1499 2742; baseline 0 -25"><span class='ocrx_word' id='word_1_137' title='bbox 111 2643 206 2742; x_wconf 91' lang='lat' dir='ltr'><strong>ptori</strong></span> <span class='ocrx_word' id='word_1_138' title='bbox 225 2641 379 2716; x_wconf 89' lang='lat' dir='ltr'><strong>reddam</strong></span> <span class='ocrx_word' id='word_1_139' title='bbox 395 2640 448 2714; x_wconf 92' lang='lat' dir='ltr'><strong>nil</strong></span> <span class='ocrx_word' id='word_1_140' title='bbox 467 2638 702 2714; x_wconf 87' lang='lat' dir='ltr'><strong>defraudans.</strong></span> <span class='ocrx_word' id='word_1_141' title='bbox 742 2639 810 2715; x_wconf 83' lang='lat' dir='ltr'><strong>Sin</strong></span> <span class='ocrx_word' id='word_1_142' title='bbox 829 2650 955 2716; x_wconf 89' lang='lat' dir='ltr'><strong>autem</strong></span> <span class='ocrx_word' id='word_1_143' title='bbox 978 2641 1061 2741; x_wconf 87' lang='lat' dir='ltr'><strong>quis</strong></span> <span class='ocrx_word' id='word_1_144' title='bbox 1082 2642 1120 2715; x_wconf 93' lang='lat' dir='ltr'><strong>in</strong></span> <span class='ocrx_word' id='word_1_145' title='bbox 1139 2641 1224 2741; x_wconf 86' lang='lat' dir='ltr'><strong>ipsa</strong></span> <span class='ocrx_word' id='word_1_146' title='bbox 1242 2642 1357 2716; x_wconf 88' lang='lat' dir='ltr'><strong>caede</strong></span> <span class='ocrx_word' id='word_1_147' title='bbox 1376 2651 1441 2717; x_wconf 91' lang='lat' dir='ltr'><strong>aut</strong></span> <span class='ocrx_word' id='word_1_148' title='bbox 1460 2642 1499 2717; x_wconf 91' lang='lat' dir='ltr'><strong>in</strong></span> 
     </span>
     <span class='ocr_line' id='line_1_19' title="bbox 112 2767 1498 2870; baseline 0.001 -28"><span class='ocrx_word' id='word_1_149' title='bbox 112 2780 244 2845; x_wconf 88' lang='lat' dir='ltr'><strong>conatu</strong></span> <span class='ocrx_word' id='word_1_150' title='bbox 263 2767 386 2843; x_wconf 90' lang='lat' dir='ltr'><strong>caedis</strong></span> <span class='ocrx_word' id='word_1_151' title='bbox 405 2767 642 2861; x_wconf 83' lang='lat' dir='ltr'><strong>occubuerit,</strong></span> <span class='ocrx_word' id='word_1_152' title='bbox 663 2767 760 2843; x_wconf 89' lang='lat' dir='ltr'><strong>bene</strong></span> <span class='ocrx_word' id='word_1_153' title='bbox 780 2767 915 2843; x_wconf 84' lang='lat' dir='ltr'><strong>faciam</strong></span> <span class='ocrx_word' id='word_1_154' title='bbox 934 2767 966 2842; x_wconf 93' lang='lat' dir='ltr'><strong>ei</strong></span> <span class='ocrx_word' id='word_1_155' title='bbox 988 2769 1141 2869; x_wconf 88' lang='lat' dir='ltr'><strong>ejusque</strong></span> <span class='ocrx_word' id='word_1_156' title='bbox 1161 2768 1311 2862; x_wconf 90' lang='lat' dir='ltr'><strong>liberis,</strong></span> <span class='ocrx_word' id='word_1_157' title='bbox 1341 2768 1498 2870; x_wconf 85' lang='lat' dir='ltr'><strong>perinde</strong></span> 
     </span>
     <span class='ocr_line' id='line_1_20' title="bbox 111 2889 1497 2994; baseline 0 -25"><span class='ocrx_word' id='word_1_158' title='bbox 111 2905 219 2994; x_wconf 86' lang='lat' dir='ltr'><strong>atque</strong></span> <span class='ocrx_word' id='word_1_159' title='bbox 248 2891 451 2969; x_wconf 89' lang='lat' dir='ltr'><strong>Harmodio</strong></span> <span class='ocrx_word' id='word_1_160' title='bbox 480 2919 565 2967; x_wconf 92' lang='lat' dir='ltr'><strong>cum</strong></span> <span class='ocrx_word' id='word_1_161' title='bbox 584 2889 839 2990; x_wconf 81' lang='lat' dir='ltr'><strong>Aristogitone</strong></span> <span class='ocrx_word' id='word_1_162' title='bbox 869 2919 1070 2994; x_wconf 89' lang='lat' dir='ltr'><strong>eorumque</strong></span> <span class='ocrx_word' id='word_1_163' title='bbox 1091 2893 1263 2993; x_wconf 90' lang='lat' dir='ltr'><strong>posteris.</strong></span> <span class='ocrx_word' id='word_1_164' title='bbox 1301 2893 1497 2986; x_wconf 82' lang='lat' dir='ltr'><strong>Quaecun-</strong></span> 
     </span>
     <span class='ocr_line' id='line_1_21' title="bbox 111 3015 1496 3119; baseline 0.001 -26"><span class='ocrx_word' id='word_1_165' title='bbox 111 3045 178 3119; x_wconf 92' lang='lat' dir='ltr'><strong>que</strong></span> <span class='ocrx_word' id='word_1_166' title='bbox 211 3031 337 3096; x_wconf 88' lang='lat' dir='ltr'><strong>autem</strong></span> <span class='ocrx_word' id='word_1_167' title='bbox 364 3028 596 3101; x_wconf 85' lang='lat' dir='ltr'><strong>sacramenta</strong></span> <span class='ocrx_word' id='word_1_168' title='bbox 624 3015 780 3094; x_wconf 85' lang='lat' dir='ltr'><strong>Athenis</strong></span> <span class='ocrx_word' id='word_1_169' title='bbox 809 3018 939 3092; x_wconf 89' lang='lat' dir='ltr'><strong>autin</strong></span> <span class='ocrx_word' id='word_1_170' title='bbox 969 3019 1099 3093; x_wconf 86' lang='lat' dir='ltr'><strong>eastris</strong></span> <span class='ocrx_word' id='word_1_171' title='bbox 1129 3030 1193 3094; x_wconf 87' lang='lat' dir='ltr'><strong>aut</strong></span> <span class='ocrx_word' id='word_1_172' title='bbox 1227 3018 1373 3119; x_wconf 86' lang='lat' dir='ltr'><strong>uspiam</strong></span> <span class='ocrx_word' id='word_1_173' title='bbox 1405 3019 1496 3094; x_wconf 91' lang='lat' dir='ltr'><strong>alibi</strong></span> 
     </span>
     <span class='ocr_line' id='line_1_22' title="bbox 110 3141 1498 3244; baseline -0.001 -24"><span class='ocrx_word' id='word_1_174' title='bbox 110 3147 273 3221; x_wconf 91' lang='lat' dir='ltr'><strong>locorum</strong></span> <span class='ocrx_word' id='word_1_175' title='bbox 292 3145 331 3218; x_wconf 88' lang='lat' dir='ltr'><strong>in</strong></span> <span class='ocrx_word' id='word_1_176' title='bbox 350 3142 520 3219; x_wconf 87' lang='lat' dir='ltr'><strong>fraudem</strong></span> <span class='ocrx_word' id='word_1_177' title='bbox 539 3143 669 3244; x_wconf 90' lang='lat' dir='ltr'><strong>populi</strong></span> <span class='ocrx_word' id='word_1_178' title='bbox 691 3141 928 3221; x_wconf 87' lang='lat' dir='ltr'><strong>Atheniensis</strong></span> <span class='ocrx_word' id='word_1_179' title='bbox 954 3143 1053 3220; x_wconf 86' lang='lat' dir='ltr'><strong>diota</strong></span> <span class='ocrx_word' id='word_1_180' title='bbox 1072 3144 1232 3238; x_wconf 88' lang='lat' dir='ltr'><strong>fuerint,</strong></span> <span class='ocrx_word' id='word_1_181' title='bbox 1263 3169 1307 3220; x_wconf 86' lang='lat' dir='ltr'><strong>ea</strong></span> <span class='ocrx_word' id='word_1_182' title='bbox 1326 3144 1498 3220; x_wconf 89' lang='lat' dir='ltr'><strong>rescindo</strong></span> 
     </span>
     <span class='ocr_line' id='line_1_23' title="bbox 110 3259 877 3370; baseline -0.007 -24"><span class='ocrx_word' id='word_1_183' title='bbox 110 3281 219 3370; x_wconf 87' lang='lat' dir='ltr'><strong>atque</strong></span> <span class='ocrx_word' id='word_1_184' title='bbox 238 3271 340 3344; x_wconf 89' lang='lat' dir='ltr'><strong>irrita</strong></span> <span class='ocrx_word' id='word_1_185' title='bbox 358 3269 596 3370; x_wconf 88' lang='lat' dir='ltr'><strong>pronunti0.“</strong></span> <span class='ocrx_word' id='word_1_186' title='bbox 872 3259 877 3265; x_wconf 60' lang='grc'><strong>’</strong></span> 
     </span>
    </p>

    <p class='ocr_par' dir='ltr' id='par_1_5' title="bbox 108 3392 1496 3748">
     <span class='ocr_line' id='line_1_24' title="bbox 215 3392 1496 3497; baseline 0.003 -29"><span class='ocrx_word' id='word_1_187' title='bbox 215 3395 318 3470; x_wconf 88' lang='lat' dir='ltr'><strong>Haeo</strong></span> <span class='ocrx_word' id='word_1_188' title='bbox 331 3395 485 3494; x_wconf 88' lang='lat' dir='ltr'><strong>juranto</strong></span> <span class='ocrx_word' id='word_1_189' title='bbox 504 3392 752 3472; x_wconf 84' lang='lat' dir='ltr'><strong>Athenienses</strong></span> <span class='ocrx_word' id='word_1_190' title='bbox 780 3419 911 3469; x_wconf 89' lang='lat' dir='ltr'><strong>omnes</strong></span> <span class='ocrx_word' id='word_1_191' title='bbox 939 3420 1051 3495; x_wconf 89' lang='lat' dir='ltr'><strong>super</strong></span> <span class='ocrx_word' id='word_1_192' title='bbox 1079 3394 1210 3470; x_wconf 82' lang='lat' dir='ltr'><strong>hostiis</strong></span> <span class='ocrx_word' id='word_1_193' title='bbox 1235 3396 1408 3497; x_wconf 81' lang='lat' dir='ltr'><strong>perfectis</strong></span> <span class='ocrx_word' id='word_1_194' title='bbox 1426 3396 1496 3472; x_wconf 89' lang='lat' dir='ltr'><strong>rite</strong></span> 
     </span>
     <span class='ocr_line' id='line_1_25' title="bbox 109 3521 1495 3622; baseline 0.002 -28"><span class='ocrx_word' id='word_1_195' title='bbox 109 3531 193 3596; x_wconf 88' lang='lat' dir='ltr'><strong>ante</strong></span> <span class='ocrx_word' id='word_1_196' title='bbox 214 3521 422 3615; x_wconf 77' lang='lat' dir='ltr'><strong>Liberalia3</strong></span> <span class='ocrx_word' id='word_1_197' title='bbox 447 3531 484 3594; x_wconf 91' lang='lat' dir='ltr'><strong>et</strong></span> <span class='ocrx_word' id='word_1_198' title='bbox 503 3521 646 3620; x_wconf 87' lang='lat' dir='ltr'><strong>precari</strong></span> <span class='ocrx_word' id='word_1_199' title='bbox 665 3531 865 3612; x_wconf 90' lang='lat' dir='ltr'><strong>memento,</strong></span> <span class='ocrx_word' id='word_1_200' title='bbox 885 3533 925 3595; x_wconf 92' lang='lat' dir='ltr'><strong>ut</strong></span> <span class='ocrx_word' id='word_1_201' title='bbox 943 3531 1070 3595; x_wconf 87' lang='lat' dir='ltr'><strong>sancte</strong></span> <span class='ocrx_word' id='word_1_202' title='bbox 1084 3522 1227 3622; x_wconf 86' lang='lat' dir='ltr'><strong>juranti</strong></span> <span class='ocrx_word' id='word_1_203' title='bbox 1250 3522 1389 3598; x_wconf 88' lang='lat' dir='ltr'><strong>multae</strong></span> <span class='ocrx_word' id='word_1_204' title='bbox 1409 3549 1495 3622; x_wconf 92' lang='lat' dir='ltr'><strong>pro·</strong></span> 
     </span>
     <span class='ocr_line' id='line_1_26' title="bbox 108 3645 1493 3748; baseline -0.001 -27"><span class='ocrx_word' id='word_1_205' title='bbox 108 3648 303 3747; x_wconf 85' lang='lat' dir='ltr'><strong>speritates</strong></span> <span class='ocrx_word' id='word_1_206' title='bbox 314 3646 498 3738; x_wconf 85' lang='lat' dir='ltr'><strong>eveniant,</strong></span> <span class='ocrx_word' id='word_1_207' title='bbox 518 3645 691 3744; x_wconf 89' lang='lat' dir='ltr'><strong>pejerans</strong></span> <span class='ocrx_word' id='word_1_208' title='bbox 710 3655 835 3720; x_wconf 90' lang='lat' dir='ltr'><strong>autem</strong></span> <span class='ocrx_word' id='word_1_209' title='bbox 854 3655 895 3719; x_wconf 89' lang='lat' dir='ltr'><strong>nt</strong></span> <span class='ocrx_word' id='word_1_210' title='bbox 915 3671 1094 3723; x_wconf 90' lang='lat' dir='ltr'><strong>unacum</strong></span> <span class='ocrx_word' id='word_1_211' title='bbox 1113 3647 1216 3747; x_wconf 90' lang='lat' dir='ltr'><strong>prole</strong></span> <span class='ocrx_word' id='word_1_212' title='bbox 1237 3648 1334 3723; x_wconf 88' lang='lat' dir='ltr'><strong>male</strong></span> <span class='ocrx_word' id='word_1_213' title='bbox 1353 3657 1493 3748; x_wconf 88' lang='lat' dir='ltr'><strong>pereat.</strong></span> 
     </span>
    </p>
   </div>
   <div class='ocr_carea' id='block_1_4' title="bbox 107 3825 1495 4437">
    <p class='ocr_par' dir='ltr' id='par_1_6' title="bbox 749 3825 862 3901">
     <span class='ocr_line' id='line_1_27' title="bbox 749 3825 862 3901; baseline 0.027 -3"><span class='ocrx_word' id='word_1_214' title='bbox 749 3825 862 3901; x_wconf 85' lang='lat'><strong>1026.</strong></span> 
     </span>
    </p>

    <p class='ocr_par' dir='ltr' id='par_1_7' title="bbox 107 3963 1495 4437">
     <span class='ocr_line' id='line_1_28' title="bbox 209 3963 1494 4066; baseline 0 -24"><span class='ocrx_word' id='word_1_215' title='bbox 209 3964 306 4042; x_wconf 80' lang='grc' dir='ltr'><strong>Ἐάν</strong></span> <span class='ocrx_word' id='word_1_216' title='bbox 330 3999 384 4054; x_wconf 79' lang='grc' dir='ltr'><strong>τις</strong></span> <span class='ocrx_word' id='word_1_217' title='bbox 403 3965 472 4043; x_wconf 86' lang='grc' dir='ltr'><strong>τὸν</strong></span> <span class='ocrx_word' id='word_1_218' title='bbox 491 3964 813 4057; x_wconf 81' lang='grc' dir='ltr'><em>τῶνἈθηναίων</em></span> <span class='ocrx_word' id='word_1_219' title='bbox 841 3963 965 4064; x_wconf 74' lang='grc' dir='ltr'><em>δῆμον</em></span> <span class='ocrx_word' id='word_1_220' title='bbox 991 3963 1131 4064; x_wconf 78' lang='grc' dir='ltr'><em>ἀδικῇ,</em></span> <span class='ocrx_word' id='word_1_221' title='bbox 1161 3964 1365 4066; x_wconf 79' lang='grc' dir='ltr'><em>δεδεμένον</em></span> <span class='ocrx_word' id='word_1_222' title='bbox 1394 3965 1494 4042; x_wconf 85' lang='grc' dir='ltr'><em>ἀπο-</em></span> 
     </span>
     <span class='ocr_line' id='line_1_29' title="bbox 109 4089 1495 4196; baseline 0.001 -28"><span class='ocrx_word' id='word_1_223' title='bbox 109 4092 233 4170; x_wconf 76' lang='grc' dir='ltr'><em>δικεῖν</em></span> <span class='ocrx_word' id='word_1_224' title='bbox 261 4102 304 4169; x_wconf 73' lang='grc' dir='ltr'><strong>ἐν</strong></span> <span class='ocrx_word' id='word_1_225' title='bbox 331 4099 385 4193; x_wconf 73' lang='grc' dir='ltr'><strong>τῷ</strong></span> <span class='ocrx_word' id='word_1_226' title='bbox 415 4093 544 4192; x_wconf 76' lang='grc' dir='ltr'><em>δήμῳ,</em></span> <span class='ocrx_word' id='word_1_227' title='bbox 573 4098 642 4168; x_wconf 86' lang='grc' dir='ltr'><strong>καὶ</strong></span> <span class='ocrx_word' id='word_1_228' title='bbox 662 4089 732 4169; x_wconf 73' lang='grc' dir='ltr'><strong>ἐὰν</strong></span> <span class='ocrx_word' id='word_1_229' title='bbox 751 4094 1017 4196; x_wconf 77' lang='grc' dir='ltr'><em>καταγνωσθῇ</em></span> <span class='ocrx_word' id='word_1_230' title='bbox 1034 4089 1209 4183; x_wconf 81' lang='grc' dir='ltr'><em>ἀδικεῖν,</em></span> <span class='ocrx_word' id='word_1_231' title='bbox 1239 4089 1495 4171; x_wconf 77' lang='grc' dir='ltr'><em>ἀποθανόντα</em></span> 
     </span>
     <span class='ocr_line' id='line_1_30' title="bbox 108 4215 1494 4319; baseline 0.001 -24"><span class='ocrx_word' id='word_1_232' title='bbox 108 4225 158 4308; x_wconf 67' lang='grc' dir='ltr'><strong>εἰς</strong></span> <span class='ocrx_word' id='word_1_233' title='bbox 187 4219 231 4295; x_wconf 82' lang='grc' dir='ltr'><strong>τὸ</strong></span> <span class='ocrx_word' id='word_1_234' title='bbox 261 4219 469 4319; x_wconf 78' lang='grc' dir='ltr'><em>βάραθρον</em></span> <span class='ocrx_word' id='word_1_235' title='bbox 488 4219 755 4318; x_wconf 73' lang='grc' dir='ltr'><em>ἐμβληθῆναι,</em></span> <span class='ocrx_word' id='word_1_236' title='bbox 784 4217 829 4294; x_wconf 84' lang='grc' dir='ltr'><em>ιά</em></span> <span class='ocrx_word' id='word_1_237' title='bbox 852 4219 889 4295; x_wconf 80' lang='grc' dir='ltr'><strong>δὲ</strong></span> <span class='ocrx_word' id='word_1_238' title='bbox 905 4218 1087 4318; x_wconf 72' lang='grc' dir='ltr'><em>χρήματα</em></span> <span class='ocrx_word' id='word_1_239' title='bbox 1106 4215 1233 4295; x_wconf 79' lang='grc' dir='ltr'><em>αὐτοῦ</em></span> <span class='ocrx_word' id='word_1_240' title='bbox 1254 4216 1494 4317; x_wconf 72' lang='grc' dir='ltr'><em>δημευθῆναι</em></span> 
     </span>
     <span class='ocr_line' id='line_1_31' title="bbox 107 4343 820 4437; baseline -0.001 -17"><span class='ocrx_word' id='word_1_241' title='bbox 107 4353 174 4422; x_wconf 88' lang='grc' dir='ltr'><strong>καὶ</strong></span> <span class='ocrx_word' id='word_1_242' title='bbox 196 4346 258 4437; x_wconf 72' lang='grc' dir='ltr'><strong>τῆς</strong></span> <span class='ocrx_word' id='word_1_243' title='bbox 281 4345 378 4421; x_wconf 77' lang='grc' dir='ltr'><em>θεοῦ</em></span> <span class='ocrx_word' id='word_1_244' title='bbox 400 4344 444 4420; x_wconf 86' lang='grc' dir='ltr'><strong>τὸ</strong></span> <span class='ocrx_word' id='word_1_245' title='bbox 465 4343 692 4421; x_wconf 78' lang='grc' dir='ltr'><em>ἐπιδέκατον</em></span> <span class='ocrx_word' id='word_1_246' title='bbox 710 4343 820 4427; x_wconf 78' lang='grc' dir='ltr'><em>εἶναι.</em></span> 
     </span>
    </p>
   </div>
   <div class='ocr_carea' id='block_1_5' title="bbox 681 4475 1385 4576">
    <p class='ocr_par' dir='ltr' id='par_1_8' title="bbox 681 4475 1385 4576">
     <span class='ocr_line' id='line_1_32' title="bbox 681 4475 1385 4576; baseline -0.001 -26"><span class='ocrx_word' id='word_1_247' title='bbox 681 4476 924 4576; x_wconf 75' lang='lat' dir='ltr'><strong>(Xenophon.</strong></span> <span class='ocrx_word' id='word_1_248' title='bbox 944 4476 1026 4551; x_wconf 87' lang='lat' dir='ltr'><strong>hist.</strong></span> <span class='ocrx_word' id='word_1_249' title='bbox 1046 4501 1171 4576; x_wconf 88' lang='lat' dir='ltr'><strong>graec.</strong></span> <span class='ocrx_word' id='word_1_250' title='bbox 1193 4478 1221 4572; x_wconf 94' lang='lat' dir='ltr'><strong>I,</strong></span> <span class='ocrx_word' id='word_1_251' title='bbox 1244 4475 1280 4571; x_wconf 84' lang='lat'><strong>7,</strong></span> <span class='ocrx_word' id='word_1_252' title='bbox 1300 4477 1385 4572; x_wconf 86' lang='lat'><strong>20.)</strong></span> 
     </span>
    </p>
   </div>
   <div class='ocr_carea' id='block_1_6' title="bbox 740 4628 853 4713">
    <p class='ocr_par' dir='ltr' id='par_1_9' title="bbox 740 4628 853 4713">
     <span class='ocr_line' id='line_1_33' title="bbox 740 4628 853 4713; baseline 0.009 -1"><span class='ocrx_word' id='word_1_253' title='bbox 740 4628 853 4713; x_wconf 85' lang='lat'><strong>1026.</strong></span> 
     </span>
    </p>
   </div>
   <div class='ocr_carea' id='block_1_7' title="bbox 106 4779 1492 5238">
    <p class='ocr_par' dir='ltr' id='par_1_10' title="bbox 106 4779 1492 5238">
     <span class='ocr_line' id='line_1_34' title="bbox 214 4779 1491 4884; baseline 0.002 -27"><span class='ocrx_word' id='word_1_254' title='bbox 214 4784 253 4858; x_wconf 82' lang='lat' dir='ltr'><strong>si</strong></span> <span class='ocrx_word' id='word_1_255' title='bbox 273 4785 354 4882; x_wconf 87' lang='lat' dir='ltr'><strong>quis</strong></span> <span class='ocrx_word' id='word_1_256' title='bbox 374 4783 556 4884; x_wconf 91' lang='lat' dir='ltr'><strong>populum</strong></span> <span class='ocrx_word' id='word_1_257' title='bbox 576 4779 850 4859; x_wconf 83' lang='lat' dir='ltr'><strong>Atheniensem</strong></span> <span class='ocrx_word' id='word_1_258' title='bbox 867 4782 1038 4877; x_wconf 84' lang='lat' dir='ltr'><strong>laeserit,</strong></span> <span class='ocrx_word' id='word_1_259' title='bbox 1067 4783 1107 4858; x_wconf 92' lang='lat' dir='ltr'><strong>in</strong></span> <span class='ocrx_word' id='word_1_260' title='bbox 1126 4783 1285 4860; x_wconf 89' lang='lat' dir='ltr'><strong>vinculis</strong></span> <span class='ocrx_word' id='word_1_261' title='bbox 1305 4784 1404 4884; x_wconf 90' lang='lat' dir='ltr'><strong>apud</strong></span> <span class='ocrx_word' id='word_1_262' title='bbox 1424 4810 1491 4883; x_wconf 94' lang='lat' dir='ltr'><strong>po·</strong></span> 
     </span>
     <span class='ocr_line' id='line_1_35' title="bbox 106 4906 1489 5011; baseline 0.001 -27"><span class='ocrx_word' id='word_1_263' title='bbox 106 4911 234 5011; x_wconf 89' lang='lat' dir='ltr'><strong>pulum</strong></span> <span class='ocrx_word' id='word_1_264' title='bbox 254 4935 405 4984; x_wconf 85' lang='lat' dir='ltr'><strong>causam</strong></span> <span class='ocrx_word' id='word_1_265' title='bbox 425 4906 542 4983; x_wconf 84' lang='lat' dir='ltr'><strong>dicat:</strong></span> <span class='ocrx_word' id='word_1_266' title='bbox 572 4908 660 4982; x_wconf 89' lang='lat' dir='ltr'><strong>etsi</strong></span> <span class='ocrx_word' id='word_1_267' title='bbox 680 4907 879 4985; x_wconf 86' lang='lat' dir='ltr'><strong>damnatus</strong></span> <span class='ocrx_word' id='word_1_268' title='bbox 901 4907 1027 5001; x_wconf 83' lang='lat' dir='ltr'><strong>illatae</strong></span> <span class='ocrx_word' id='word_1_269' title='bbox 1045 4909 1203 5009; x_wconf 87' lang='lat' dir='ltr'><strong>injuriae</strong></span> <span class='ocrx_word' id='word_1_270' title='bbox 1222 4910 1353 5004; x_wconf 84' lang='lat' dir='ltr'><strong>fuerit,</strong></span> <span class='ocrx_word' id='word_1_271' title='bbox 1383 4935 1489 4986; x_wconf 90' lang='lat' dir='ltr'><strong>neca·</strong></span> 
     </span>
     <span class='ocr_line' id='line_1_36' title="bbox 107 5033 1492 5134; baseline -0.001 -23"><span class='ocrx_word' id='word_1_272' title='bbox 107 5047 166 5111; x_wconf 89' lang='lat' dir='ltr'><strong>tus</strong></span> <span class='ocrx_word' id='word_1_273' title='bbox 195 5037 234 5110; x_wconf 92' lang='lat' dir='ltr'><strong>in</strong></span> <span class='ocrx_word' id='word_1_274' title='bbox 262 5035 478 5110; x_wconf 86' lang='lat' dir='ltr'><strong>barathrum</strong></span> <span class='ocrx_word' id='word_1_275' title='bbox 505 5033 720 5133; x_wconf 85' lang='lat' dir='ltr'><strong>abjiciatur,</strong></span> <span class='ocrx_word' id='word_1_276' title='bbox 752 5034 862 5111; x_wconf 86' lang='lat' dir='ltr'><strong>bonis</strong></span> <span class='ocrx_word' id='word_1_277' title='bbox 892 5033 1111 5134; x_wconf 90' lang='lat' dir='ltr'><strong>publicatis,</strong></span> <span class='ocrx_word' id='word_1_278' title='bbox 1139 5046 1324 5111; x_wconf 89' lang='lat' dir='ltr'><strong>eteorum</strong></span> <span class='ocrx_word' id='word_1_279' title='bbox 1349 5035 1492 5111; x_wconf 86' lang='lat' dir='ltr'><strong>decima</strong></span> 
     </span>
     <span class='ocr_line' id='line_1_37' title="bbox 107 5161 544 5238; baseline -0.002 0"><span class='ocrx_word' id='word_1_280' title='bbox 107 5161 295 5238; x_wconf 86' lang='lat' dir='ltr'><strong>Minervae</strong></span> <span class='ocrx_word' id='word_1_281' title='bbox 315 5168 544 5237; x_wconf 84' lang='lat' dir='ltr'><strong>consecrata.</strong></span> 
     </span>
    </p>
   </div>
   <div class='ocr_carea' id='block_1_8' title="bbox 1211 5227 1319 5347">
    <p class='ocr_par' dir='ltr' id='par_1_11' title="bbox 1211 5227 1319 5347">
     <span class='ocr_line' id='line_1_38' title="bbox 1211 5227 1319 5347; baseline 0.009 -1"><span class='ocrx_word' id='word_1_282' title='bbox 1211 5278 1277 5347; x_wconf 76' lang='lat' dir='ltr'><strong>rr*</strong></span> <span class='ocrx_word' id='word_1_283' title='bbox 1316 5227 1319 5230; x_wconf 36' lang='grc'><strong><em>’</em></strong></span> 
     </span>
    </p>
   </div>
   <div class='ocr_carea' id='block_1_9' title="bbox 0 0 1722 5790">
    <p class='ocr_par' dir='ltr' id='par_1_12' title="bbox 0 0 1722 5790">
     <span class='ocr_line' id='line_1_39' title="bbox 0 0 1722 5790; baseline 0 2"><span class='ocrx_word' id='word_1_284' title='bbox 0 0 1722 5790; x_wconf 95' lang='lat' dir='ltr'><strong> </strong></span> 
     </span>
    </p>
   </div>
  </div>
 </body>
</html>
