3436 5790
503 406 812 460 corrusuranrus
830 406 884 456 an
904 404 966 459 ιιι.
987 403 1049 459 ιιι.
1068 401 1133 458 rsa.
1154 399 1216 457 rra.
1467 378 1542 456 4³1

162 594 224 697 qui
242 596 345 698 prius
372 598 595 700 popularem
623 608 761 676 statum
779 610 879 677 recte
898 624 937 677 se
956 598 1094 675 habere
1113 621 1225 700 possa
1243 607 1403 698 negant,
1433 621 1547 698 quam

162 729 199 795 et
224 723 323 798 servi
353 734 388 801 et
416 725 498 820 alii,
533 725 596 825 qui
623 725 672 801 ob
701 725 867 826 inopiam
895 725 1072 804 drachma
1099 724 1288 801 civitatem
1316 721 1544 817 venderent,

162 842 423 928 drachmae
452 850 737 954 participes
765 852 905 932 liant.

753 1078 830 1161 Ad
854 1081 954 1164 u4.

269 1237 549 1322 Dinarchus
577 1267 608 1321 c.
637 1244 885 1322 Demosth.
909 1244 982 1320 86:
1011 1243 1165 1321 Pactum
1184 1243 1272 1321 fecit
1288 1268 1373 1321 cum
1390 1241 1543 1345 populo,

160 1365 300 1467 scripto
329 1371 670 1466 senatusconsulto,
698 1368 809 1471 idque
838 1369 940 1472 apud
958 1370 1118 1447 Matrem
1144 1369 1296 1447 deorum
1326 1369 1383 1464 (id
1401 1379 1478 1447 eat:
1505 1369 1545 1443 in

160 1489 327 1584 Metron)
345 1491 536 1597 deposuit,
566 1521 660 1597 quae
688 1494 813 1573 omnia
834 1497 923 1598 jura
949 1495 990 1573 in
1014 1496 1140 1574 literas
1157 1494 1278 1574 relata
1296 1493 1458 1574 custodit
1476 1495 1544 1572 rei·

162 1617 345 1719 publicae.

267 1761 628 1840 Demosthenes
657 1763 712 1841 de
739 1764 870 1842 falsa
898 1759 1044 1861 legat.
1064 1761 1162 1838 381:
1190 1761 1545 1865 Interpublicave·

161 1895 238 1963 stra
255 1888 487 1965 monimenta
503 1889 543 1966 in
563 1888 725 1987 Metroo,
755 1888 890 1990 quibus
916 1888 1085 1966 minister
1103 1887 1273 1992 publicus
1292 1900 1457 1988 praeest,
1486 1913 1544 1964 as-

163 2025 341 2092 servatur.

752 2134 829 2220 Ad
854 2136 954 2220 ue.

266 2302 350 2379 Hoc
369 2299 502 2380 accidit
520 2329 619 2380 anno
638 2303 727 2382 307.
747 2303 860 2382 aon
878 2346 927 2358 -
943 2301 1101 2382 Saeculo
1120 2303 1230 2380 tertio
1248 2312 1336 2404 post
1346 2300 1415 2379 Oh.
1435 2324 1542 2378 sena·

161 2438 220 2504 tus
238 2429 400 2504 virorum
420 2429 491 2506 fuit
509 2429 598 2505 ⁷50.
636 2423 746 2503 Kasai
776 2424 821 2503 τὸ
851 2423 1067 2527 ἐπερώτημα
1094 2424 1157 2518 τῆς
1184 2431 1224 2517 ἐξ
1248 2421 1389 2525 ’Apion
1417 2420 1545 2536 πάγου

160 2548 303 2650 βουλῆς
331 2554 402 2626 καὶ
430 2551 495 2641 τῆς
522 2552 667 2652 βουλῆς
692 2551 773 2629 τῶν
807 2557 881 2627 ΨΝ
904 2556 1065 2656 legimns
1094 2555 1135 2630 in
1164 2578 1264 2654 corp.
1293 2553 1458 2652 inscript
1487 2577 1543 2651 gr.

163 2679 226 2756 Νι.
246 2679 335 2756 380.
373 2678 554 2778 Tardius,
574 2680 719 2759 saeculo
738 2682 817 2777 4·o,
837 2691 989 2759 senatus
1007 2680 1276 2757 Trecentorum
1296 2676 1465 2757 occurrit.
1489 2665 1551 2748 ‘H

160 2797 283 2901 βουλὴ
310 2799 390 2879 τῶν
417 2807 661 2902 τριακοσίων.
709 2806 823 2901 (Ibid.
858 2807 924 2884 Nr.
954 2806 1045 2881 372.
1084 2803 1143 2882 Of.
1172 2804 1284 2880 etiam
1311 2805 1341 2900 I,
1368 2831 1405 2906 p.
1434 2803 1543 2895 902).
1643 2838 1646 2844 ¹

162 2925 273 3007 Unde
291 2939 394 3032 patet
413 2931 602 3011 Hadriano
628 2934 855 3036 imperatore
884 2942 1055 3008 senatum
1072 2929 1370 3030 Quingentorum
1392 2952 1544 3007 revoca·

160 3063 238 3131 tum
257 3079 339 3133 esse
358 3068 397 3133 et
415 3083 531 3159 usque
549 3057 598 3135 ad
616 3056 845 3138 Caracallum
863 3057 1126 3162 permansisse.

270 3198 406 3278 Officia
438 3211 475 3280 et
506 3201 696 3280 historiam
731 3215 882 3283 senatru
919 3201 1156 3281 adumbravit
1191 3199 1404 3278 Carolus
1440 3196 1544 3276 Van

162 3321 526 3427 Osenbruggen
558 3328 597 3405 in
624 3329 886 3431 Disputatione
913 3328 1076 3406 literaria
1105 3327 1150 3405 de
1178 3338 1311 3405 senatu
1340 3323 1542 3402 Athenien·

160 3453 255 3532 sium
274 3453 429 3557 (Hagae
448 3454 651 3554 Comitum,
679 3457 814 3549 1834.)

753 3685 830 3771 Ad
855 3688 955 3770 ua.

267 3851 417 3930 Bekker
444 3850 583 3930 Anecd.
613 3878 669 3953 gr.
697 3854 726 3932 Ι.
755 3879 792 3955 p.
823 3853 912 3929 274.
948 3850 1111 3946 Καρία
1139 3847 1410 3937 ἐκκλησία·
1448 3833 1542 3941 ἕνῇ

160 3971 251 4066 τούς
279 3969 471 4076 ἄρχοντας
499 3973 790 4076 ἐχειροτόνουν,
825 3971 913 4052 οἷον
943 3969 1175 4080 στρατηγούς
1185 4029 1197 4065 ,
1231 3968 1446 4071 ἱππάρχους
1473 3975 1542 4046 καὶ

161 4096 275 4189 ὅσους
301 4098 510 4191 τοιούτους.
556 4107 621 4200 (In
648 4106 845 4208 principali
874 4105 1055 4183 concione
1091 4103 1330 4205 magistratus
1362 4101 1542 4200 suffragio

161 4231 358 4326 creabant,
386 4257 520 4334 nempe
549 4231 770 4329 belliduces,
799 4231 965 4331 equitum
994 4229 1191 4330 magistros
1210 4239 1249 4305 et
1273 4253 1402 4305 omnes
1431 4225 1542 4328 hujus

161 4358 340 4458 generis.)

753 4477 830 4562 Ad
853 4480 952 4563 ua.

267 4646 389 4724 Schol.
408 4647 447 4723 in
466 4647 706 4724 Demosthen.
724 4647 806 4724 fals.
824 4647 938 4746 legat.
959 4645 1047 4740 378,
1067 4643 1138 4720 26:
1167 4635 1395 4744 Σύγκλιμος
1415 4635 1453 4714 δὲ
1472 4642 1542 4714 ἐκ-

160 4773 299 4863 κλησία
318 4766 487 4862 ἐκλήθη,
515 4765 642 4859 ἐπειδὴ
672 4774 716 4846 ἐν
737 4769 813 4870 μὲν
839 4778 921 4856 τοῖς
948 4770 1128 4867 νομίμοις
1155 4769 1224 4841 καὶ
1243 4760 1453 4856 συνήθεσιν
1472 4758 1541 4856 ἀφ’

162 4893 302 4972 ἑαυτοῦ
323 4888 344 4972 ὁ
367 4893 482 4994 δῆμος
501 4901 744 4995 συνέτρεχεν·
774 4889 871 4972 ὅταν
899 4891 946 4979 δὲ
965 4899 1005 4985 ἐξ
1034 4888 1204 4998 ἀνάγκης
1222 4886 1328 4977 τινὸς
1355 4886 1542 4991 σύλλογος

160 5028 332 5125 γένηται,
362 5020 601 5127 συγκαλοῦσι
620 5026 720 5109 τινὲς
739 5017 953 5122 περιιόντες.
989 5019 1305 5118 (Convocatis
1327 5018 1457 5094 concio
1475 5042 1540 5091 vo·

160 5152 338 5248 cabatur,
367 5152 454 5253 quia
481 5151 520 5228 in
547 5149 722 5250 legitimis
740 5159 778 5228 at
795 5148 983 5228 consvetis
1000 5175 1025 5226 a
1042 5173 1082 5226 se
1100 5147 1181 5251 ipso
1200 5143 1446 5224 concurrebat
1473 5169 1540 5245 po·
1649 5167 1657 5176 ·
