3436 5790
164 351 241 436 528
629 372 939 434 combureremus
958 380 1011 432 sn
1030 367 1093 433 est.

269 574 319 654 At
337 573 551 679 hujusmodi
579 573 821 652 additamenti
849 573 992 650 nullam
1016 573 1158 650 faciunt
1181 572 1413 649 mentionem
1429 566 1554 646 fontes

162 703 308 802 graeci,
327 701 427 801 quod
447 702 613 802 alioquin
633 725 774 777 summe
793 699 969 799 injustum
994 699 1146 795 fuisset;
1174 725 1259 774 nam
1279 723 1327 774 ex
1346 693 1553 774 Andocidis

162 827 332 903 cretione
363 825 409 902 de
437 825 694 927 mysteriis
721 818 788 923 (ξ.
812 822 1051 915 133-134)
1080 835 1211 900 notum
1239 833 1296 898 est
1323 819 1555 923 Agyrrhium

163 950 362 1050 quemdam
384 951 593 1053 principem
613 951 755 1025 factum
774 948 888 1024 fuisse
906 948 1055 1044 collegii
1073 947 1351 1050 redemptorum
1369 946 1555 1047 quinqua-

161 1077 345 1172 gesimae,
375 1076 696 1177 redempsisseque
725 1074 797 1149 hoo
824 1073 985 1172 vectigal
1003 1072 1156 1171 triginta
1174 1073 1336 1148 talentis.
1374 1068 1554 1169 Collegae

161 1201 198 1276 hi
217 1202 429 1294 (continuat
446 1204 591 1291 orator]
612 1200 709 1274 coire
730 1196 922 1292 videntur,
951 1223 1026 1297 quo
1045 1197 1176 1273 horum
1197 1198 1355 1274 duorum
1374 1195 1553 1273 alterutro

161 1325 371 1424 potientur:
393 1335 434 1401 ut
452 1335 517 1403 aut
534 1332 683 1401 taceant
699 1324 739 1398 in
758 1320 905 1399 licendo
924 1331 1036 1421 atque
1055 1323 1108 1397 sic
1128 1321 1340 1398 mercedem
1358 1318 1553 1416 auferant3

161 1462 226 1525 aut
245 1451 275 1526 si
297 1448 491 1550 vectigalis
519 1447 728 1548 redemptio
756 1447 891 1546 exiguo
921 1456 1073 1537 veneat,
1102 1447 1174 1549 ipsi
1192 1448 1231 1523 in
1250 1446 1551 1524 communionem

162 1576 256 1651 lucri
276 1586 418 1650 coeant.
458 1575 513 1651 Ex
542 1575 607 1650 illa
634 1574 758 1673 itaque
787 1574 1045 1674 redemptione
1074 1573 1406 1673 quinquagesimae
1434 1594 1550 1672 quum

161 1700 260 1774 lecto
281 1700 392 1775 trium
420 1697 642 1775 talentorum
669 1694 893 1797 compendio
916 1694 1131 1772 didicissent
1150 1723 1262 1797 quam
1281 1698 1477 1775 fructuosa
1494 1721 1551 1773 res

161 1835 278 1919 esset,
306 1824 458 1900 coibant
476 1825 515 1899 in
534 1823 766 1911 sodalitium,
796 1833 834 1897 et
858 1849 972 1922 quum
1000 1821 1150 1923 reliquis
1180 1848 1248 1900 suo
1267 1802 1438 1901 deluere
1457 1823 1551 1898 offu-

160 1950 235 2026 lam
263 1949 506 2051 objecissent,
535 1948 670 2023 iterum
699 1947 853 2046 triginta
881 1947 1021 2024 talenta
1049 1949 1268 2024 offerebant
1313 1947 1370 2023 lbi
1401 1948 1551 2023 nemine

160 2075 319 2168 licente,
348 2098 568 2175 progressus
589 2071 801 2150 Andocides
820 2072 867 2148 ad
886 2084 1057 2150 senatum
1075 2074 1160 2175 plus
1179 2073 1382 2170 licebatur,
1411 2084 1452 2148 et
1469 2083 1549 2148 tan-

160 2199 245 2276 dem
273 2200 344 2301 ipsi
372 2200 582 2301 redemptio
609 2226 680 2301 pro
708 2226 774 2276 sex
803 2214 841 2275 et
866 2201 1023 2300 triginta
1050 2204 1199 2279 talentis
1227 2200 1442 2303 adjudicata
1469 2199 1549 2276 tuit

161 2325 245 2400 Hoc
264 2336 376 2426 pacto
394 2327 467 2402 illis
485 2326 640 2428 dejectis
658 2326 812 2428 collegit
839 2324 1000 2426 vectigal
1029 2327 1100 2405 boc
1118 2338 1229 2428 atque
1248 2327 1393 2404 aerario
1411 2325 1552 2426 depen-

162 2449 235 2543 dit,
264 2476 311 2527 ex
330 2476 447 2551 eoque
467 2476 545 2528 non
564 2462 710 2527 tantum
729 2452 872 2527 nullum
891 2451 1037 2552 accepit
1054 2451 1252 2548 damnum,
1277 2450 1343 2528 sed
1363 2451 1478 2526 etism
1497 2449 1551 2526 lu·

161 2576 244 2651 celli
264 2600 398 2676 parum
417 2575 505 2676 quid
525 2574 613 2652 fecit
630 2601 713 2652 oum
733 2577 970 2653 consortibus
986 2576 1099 2678 hujus
1119 2576 1396 2679 redemptionis.

268 2701 353 2793 Quo
371 2712 481 2799 pacto
500 2701 614 2798 igitur
631 2701 794 2802 populus
813 2700 1050 2777 Atheniensis
1069 2702 1335 2799 consensisset,
1363 2713 1405 2777 ut
1423 2701 1550 2799 singu·

159 2823 374 2901 lascivium
398 2852 465 2900 suo
493 2828 632 2902 tributo
661 2826 698 2902 id
727 2824 935 2927 suppleret,
966 2826 1066 2926 quod
1086 2828 1299 2929 respublica
1316 2854 1388 2929 per
1404 2828 1549 2904 lucrum

162 2949 435 3047 redemptorum
452 2947 498 3025 de
516 2951 764 3049 vectigalibus
783 2949 1024 3052 deperdidit?

270 3075 355 3152 Mea
373 3075 548 3175 opinione
566 3067 612 3146 τὸ
632 3070 960 3170 πρασκατάβλημα
987 3077 1039 3151 nil
1059 3076 1160 3152 aliud
1179 3075 1265 3172 fuit,
1293 3102 1408 3177 quam
1425 3088 1550 3155 cerne

162 3201 402 3295 centesimae,
423 3225 515 3300 quas
533 3200 603 3301 ipsi
623 3201 864 3301 vectigalium
883 3201 1138 3305 redemptores
1157 3213 1309 3305 praeter
1325 3204 1551 3307 redemptio·

162 3327 220 3402 nis
248 3326 409 3427 pretium
438 3326 582 3402 solvere
609 3325 819 3423 debebant,
850 3328 1166 3429 quemadmodum
1196 3341 1325 3406 nostra
1346 3339 1470 3407 aetate
1488 3329 1551 3406 tri

162 3453 299 3528 butarii
317 3459 466 3553 praeter
482 3451 682 3550 tributum,
711 3453 822 3555 hujus
841 3478 988 3555 quoque
1006 3457 1228 3532 centesimas
1252 3454 1433 3556 pendunt

269 3576 481 3653 Secundum
508 3574 659 3653 Suidam
688 3588 726 3654 et
754 3578 953 3676 Photium,
981 3605 1066 3655 omn
1088 3579 1287 3679 vectigalia
1317 3580 1550 3674 locabantur,

163 3705 238 3782 duo
258 3703 436 3804 temporis
455 3703 601 3779 termini
621 3703 920 3805 redemptoribus
938 3728 1068 3782 eorum
1088 3706 1422 3808 praeficiebantur3
1449 3707 1550 3781 intra

162 3855 256 3931 quos
274 3829 434 3931 pecunia
453 3828 503 3905 ab
520 3828 612 3931 ipsis
631 3829 880 3930 persolvenda
908 3844 1016 3907 esset
1054 3832 1205 3908 Partem
1221 3832 1337 3929 igitur
1355 3833 1550 3933 pecuniae,

162 3981 257 4055 quoe
276 3954 326 4031 ab
344 3954 437 4055 ipsis
454 3953 494 4029 in
520 3955 705 4030 aerarium
731 3953 983 4051 inferebatur,
1013 3969 1216 4058 antequam
1246 3955 1447 4056 vectigalia
1473 3957 1551 4034 exi·

162 4106 251 4179 gere
278 4079 525 4181 incepissent,
563 4073 865 4176 προκαταβολὴν
901 4080 1016 4158 lusisse
1043 4093 1235 4179 vocatam,
1273 4081 1430 4161 alteram
1459 4107 1551 4158 vero

162 4217 309 4307 partem
326 4197 663 4303 npocxoroisslqua.

271 4329 320 4405 Hi
339 4354 430 4428 ergo
449 4329 591 4408 nullum
610 4331 754 4407 faciunt
771 4330 970 4408 discrimen
999 4332 1097 4410 inter
1123 4334 1247 4435 ipsum
1266 4334 1431 4435 vectigal
1449 4348 1488 4412 et
1504 4331 1550 4410 τὸ

163 4449 502 4553 προσκατάβλῃιια.
538 4457 628 4534 Jam
647 4483 736 4534 vero
754 4454 1028 4535 Demosthenes
1047 4461 1100 4555 (c.
1119 4459 1319 4536 Timocrat
1338 4460 1438 4553 731)
1459 4462 1552 4539 baec

162 4580 238 4658 duo
265 4582 365 4659 clare
392 4582 606 4683 distinguit,
636 4582 782 4661 dicens:
819 4608 934 4684 quum
961 4583 1202 4681 vectigalium
1230 4584 1369 4662 reditus
1396 4585 1550 4664 admini-

161 4707 329 4784 strationi
347 4733 424 4784 non
442 4709 631 4786 sufficiant
658 4701 729 4801 (ori
756 4702 832 4808 γὰρ
856 4699 985 4781 ὄντων
1002 4705 1152 4782 ἱκανῶν
1169 4707 1249 4782 τῶν
1266 4713 1314 4782 ἐκ
1332 4707 1411 4784 τῶν
1429 4708 1552 4794 τελῶν

156 4826 409 4928 χριμάτων),
434 4836 489 4911 sic
514 4835 634 4911 diotae
661 4833 980 4934 adjectiones
1009 4834 1206 4912 solvuntur
1232 4830 1300 4928 (soi
1329 4862 1551 4935 προςκατα-

160 4952 325 5055 Βλῇααθ
342 4952 613 5055 ὀνομαζόμενα
631 4953 947 5056 καταβάλλεται).

377 5081 533 5161 mnis
557 5083 673 5161 verbu
699 5086 851 5161 nonnisi
881 5085 933 5160 ita
950 5099 1105 5186 possunt
1124 5091 1328 5167 convenire
1345 5114 1432 5168 cum
1449 5094 1553 5168 testi·
