3436 5790
235 346 312 428 bib
615 363 926 422 constructurus
946 365 998 418 lu
1018 361 1082 421 777.
1096 364 1165 424 ete.
1186 366 1248 424 7⁷2.

231 571 331 670 quit,
369 565 609 642 nundinis
636 564 800 664 partis
827 573 1046 638 secanto.
1083 564 1132 640 Si
1161 565 1271 667 plus
1297 564 1525 640 minusve
1553 588 1621 640 αθ·

231 703 462 784 cuerunt,
491 716 541 764 se
572 688 751 765 fraude
780 700 897 763 esto.
936 687 1103 781 (Gellius
1131 692 1238 767 Noct.
1269 687 1343 765 Att.
1365 691 1450 785 XX,
1487 695 1518 783 l,
1539 691 1626 780 45.)

339 816 409 893 Ga
414 816 452 916 ji
472 816 635 891 lustit.
657 815 724 908 111,
746 815 818 889 78:
848 815 955 888 Bona
975 828 1140 892 veneunt
1153 816 1408 916 judicatorum
1429 826 1513 915 post
1533 827 1626 892 teur-

231 969 320 1044 pus,
351 942 451 1041 quod
472 941 523 1016 eis
543 941 678 1042 partim
698 940 782 1038 lege
801 941 887 1017 XII.
904 940 1126 1019 tabellarum
1147 942 1279 1042 partim
1300 939 1421 1023 edicto
1441 941 1627 1041 praetoris

230 1069 277 1145 ad
298 1065 570 1166 expediendam
587 1066 786 1166 pecuniam
805 1065 990 1141 tribuitur.

338 1193 401 1271 Id.
421 1191 489 1286 IV,
510 1193 556 1266 21
573 1220 582 1267 ε
611 1191 685 1266 Per
712 1217 843 1268 manus
866 1193 1105 1292 injectionem
1124 1219 1239 1295 aeque
1260 1193 1307 1269 de
1326 1194 1383 1270 his
1403 1191 1517 1268 rebus
1537 1217 1625 1291 age·

230 1322 349 1397 batur.
388 1312 443 1394 De
463 1318 596 1418 quibus
615 1329 656 1393 ut
673 1318 726 1393 ita
744 1330 937 1416 ageretur,
968 1319 1051 1418 lege
1080 1320 1205 1420 aliqua
1234 1330 1385 1396 cautum
1413 1330 1491 1412 est,
1522 1318 1625 1393 velut

225 1433 381 1546 judicati
401 1443 484 1541 lege
505 1444 590 1519 XII.
612 1443 841 1537 tabularum,
871 1471 966 1543 quae
984 1445 1093 1520 'actio
1121 1445 1205 1521 tofis
1230 1454 1321 1521 erat.
1359 1445 1433 1538 Qui
1463 1443 1623 1543 agebat,

228 1571 282 1646 sic
301 1568 471 1644 dicebat:
498 1568 626 1668 quod
651 1581 700 1643 tu
720 1568 835 1644 mihi
858 1568 1120 1670 judicatus
1148 1570 1254 1643 sive
1283 1567 1546 1644 damnatus
1571 1593 1623 1641 es

229 1695 516 1771 sestertium
544 1695 581 1768 X
608 1695 764 1790 milia,
793 1719 916 1794 quae
945 1692 1001 1770 ad
1037 1693 1127 1768 hoc
1164 1720 1257 1768 nou
1295 1693 1520 1786 solvisti,
1560 1693 1622 1769 ob

231 1846 333 1898 eam
369 1844 466 1895 rem
504 1845 594 1917 ego
632 1817 724 1893 tibi
766 1819 1062 1895 sestertium
1099 1820 1136 1894 X
1178 1818 1367 1894 milium
1397 1817 1621 1918 judicati

231 1971 420 2022 manum
447 1945 626 2035 inicio,
655 1954 693 2019 et
720 1944 831 2019 simul
860 1945 1022 2043 aliquam
1052 1955 1199 2045 partem
1226 1944 1394 2045 corporis
1413 1944 1494 2043 ejus
1512 1968 1623 2042 pren-

229 2070 365 2167 debat;
391 2093 462 2144 nec
489 2065 625 2144 licebat
645 2067 816 2167 judicato
843 2095 996 2144 manum
1024 2068 1095 2144 sibi
1123 2068 1313 2168 depellere
1331 2080 1370 2143 et
1388 2095 1458 2169 pro
1475 2094 1517 2142 se
1537 2069 1623 2166 lege

229 2221 362 2294 agere,
390 2192 458 2269 sed
478 2192 665 2269 vindicem
685 2192 819 2282 dabat,
848 2194 911 2291 qui
941 2220 1010 2293 pro
1029 2218 1070 2268 se
1087 2218 1237 2268 causam
1257 2218 1369 2290 agere
1389 2192 1556 2269 solebat:
1585 2208 1625 2267 st

228 2321 291 2420 qui
321 2319 507 2395 vindicem
527 2347 613 2394 nou
649 2319 783 2414 dabat,
821 2321 972 2397 domum
1008 2320 1216 2396 ducebatur
1243 2320 1292 2394 ab
1321 2333 1446 2396 actore
1474 2332 1513 2394 et
1540 2321 1623 2394 vin·

229 2447 407 2523 ciebatur.

817 2548 893 2632 Ad
915 2551 1031 2633 ⁷00.

335 2716 602 2814 Intelliguutur
629 2715 768 2815 publici
802 2715 954 2812 arbitri;
991 2715 1199 2816 aprivatis
1227 2717 1328 2793 enirn
1354 2743 1431 2792 non
1459 2717 1621 2793 dabatur

227 2841 442 2942 appellatio,

335 2965 521 3040 Plutarch.
542 2964 668 3041 Solon.
692 2967 760 3042 18:
779 2967 948 3060 Quarum
967 2991 1163 3043 causarum
1177 2965 1321 3068 judicia
1338 2969 1619 3066 magistratibus

227 3091 358 3166 tribuit
382 3088 518 3182 Solon,
547 3116 673 3165 earum
700 3091 973 3169 concedebatur
989 3092 1034 3167 iis
1053 3094 1116 3192 qui
1136 3092 1279 3169 vellent
1298 3120 1321 3169 a
1338 3094 1618 3193 magistratibus

228 3214 275 3291 ad
289 3214 436 3315 judices
455 3217 686 3313 provocatio.

336 3340 449 3443 Apud
468 3342 659 3418 Romanos
678 3342 727 3418 ab
745 3344 847 3419 ourui
860 3343 1003 3444 judicio
1024 3370 1223 3446 poenaque
1242 3345 1437 3447 provocari
1457 3346 1616 3438 licuisse,

226 3467 392 3544 indicant
409 3468 496 3544 XII.
516 3466 665 3543 tabulae
685 3468 938 3568 compluribus
957 3468 1114 3567 legibus.
1135 3469 1333 3563 (Cicero
1351 3469 1406 3562 de
1426 3472 1615 3572 republ.

142 3678 149 3686 ,
227 3594 276 3690 11,
296 3593 359 3687 31,
380 3595 464 3685 sl.)

334 3721 378 3796 Id
391 3722 472 3822 jam
496 3728 674 3797 statutum
700 3731 779 3796 erat
798 3721 882 3818 lege
903 3722 1055 3798 Valeria
1082 3735 1120 3797 et
1144 3720 1300 3798 Aternia
1316 3722 1492 3825 Tarpeia.
1520 3722 1614 3815 (ld.

227 3845 338 3923 ibid.
358 3847 406 3937 ll,
426 3846 490 3941 35,
510 3847 594 3938 60.)

815 3950 892 4034 Μ
912 3953 1028 4034 ⁷⁷2.

333 4113 462 4191 Lenic.⁴
479 4113 633 4214 Seguer.
654 4141 689 4216 p.
711 4117 810 4191 245:
833 4110 1065 4214 Ἐρήμην·
1094 4113 1184 4205 δίκη
1203 4094 1447 4204 dosivsdr'ar
1460 4113 1517 4214 μὴ
1539 4147 1614 4192 πα-

226 4235 377 4339 ρόντων
404 4232 633 4336 ἀμφοτέρων
660 4230 683 4314 ὁ
713 4235 898 4331 δικαστής
928 4237 1000 4331 τήν
1027 4238 1169 4340 ψῆφον
1195 4244 1382 4344 s'ntre‘yaep
1410 4240 1514 4316 κατὰ
1541 4243 1613 4318 τοῦ

226 4359 404 4449 ἀπόντος.
435 4364 710 4458 (Contumacia.
730 4366 799 4442 Est
816 4370 933 4463 acti0,
954 4392 1070 4468 quum
1087 4394 1163 4444 non
1184 4368 1488 4470 comparentibus
1504 4372 1613 4448 utris·

225 4516 298 4592 que
318 4533 370 4544 «-
388 4492 465 4566 iuro
477 4492 608 4592 potius
627 4518 702 4567 non
721 4508 964 4597 comparente
990 4496 1169 4571 alterutro
1188 4537 1239 4548 -
1254 4494 1373 4597 judex
1391 4497 1613 4573 sententiam

224 4617 297 4694 lert
315 4628 445 4694 contra
463 4619 688 4710 absentem.)

332 4742 485 4819 Suidas:
508 4736 689 4838 Ἐρὴμη
716 4737 850 4832 δίκη·
879 4736 976 4822 ὅταν
998 4740 1054 4841 μή
1084 4738 1304 4836 ἀπαντήσας
1332 4737 1613 4847 ὅδιωκόμενος

223 4870 286 4942 e'm'
304 4863 376 4957 τὴν
394 4862 511 4957 δίκην
530 4863 822 4963 καταδικασθῇ·
840 4862 982 4966 ὅμοιον
993 4873 1069 4944 ’καὶ
1088 4867 1133 4944 τὸ
1152 4864 1293 4969 ἐρήμην
1310 4865 1471 4947 ἁλῶναι.
1493 4877 1610 4969 (Con-

367 5006 408 5068 ee
424 4995 535 5070 actio.
571 4993 698 5103 Quum
724 5018 812 5070 reus
839 5020 914 5072 non
944 5022 1164 5099 comparens
1183 5000 1221 5074 in
1242 5001 1446 5101 judicium,
1476 5004 1611 5080 coude-

551 5098 1149 5217 substantionensis.)
1620 5125 1624 5131 ·
