3436 5790
417 404 724 462 conuasraruus
742 407 797 459 an
817 398 896 458 rus.
917 403 996 462 rare.
1015 402 1097 461 rua
1119 401 1198 458 rm.
1220 405 1300 465 rose.
1470 377 1550 456 807

738 593 813 676 Ad
829 592 974 678 12⁴5.

186 774 192 784 ·
273 741 330 820 cf.
352 743 490 821 Lexica
507 741 738 842 Segueriana
757 771 792 845 p.
813 742 902 816 247.

738 951 815 1037 Ad
832 953 976 1036 1240.

272 1117 481 1219 Epidamnii
501 1118 709 1221 Illyriorum
729 1119 860 1206 vicini,
887 1143 1000 1218 quum
1020 1142 1106 1194 suos
1126 1117 1227 1193 cives
1246 1141 1330 1193 cum
1349 1116 1430 1192 istis
1451 1141 1551 1192 com·

162 1243 302 1320 mercia
329 1244 513 1344 agitantes
540 1245 712 1322 viderent
741 1245 942 1321 deteriores
972 1244 1072 1337 fieri,
1102 1252 1139 1318 et
1168 1253 1213 1320 e'a
1240 1243 1285 1318 de
1306 1267 1419 1318 cansa
1441 1241 1553 1317 srliia

164 1368 272 1445 novis
292 1370 403 1446 rebus
421 1381 645 1464 metuerent,
666 1369 712 1445 ad
734 1379 947 1446 contractus
966 1380 1004 1444 et
1022 1369 1316 1471 permutationes
1330 1367 1424 1442 istas
1445 1364 1551 1465 quot-

164 1494 272 1569 annis
299 1521 414 1570 unum
443 1506 630 1596 spectatae
661 1496 760 1570 vitae
792 1495 911 1569 civem
941 1483 1182 1593 delegerant,
1212 1493 1274 1594 qui
1306 1493 1352 1567 ad
1372 1490 1552 1567 barbaros

165 1644 377 1696 commeans
397 1620 561 1696 omnium
582 1620 718 1696 civium
737 1620 887 1697 nomine
907 1645 990 1697 cum
1016 1619 1073 1695 his
1093 1619 1349 1717 negotiaretur
1367 1628 1403 1694 et
1423 1610 1552 1704 πωλή-

161 1771 227 1861 Juc
246 1744 440 1821 diceretur.
471 1744 739 1838 (Plutarch.
760 1753 947 1844 quaest.
966 1770 1031 1843 gr.
1053 1743 1136 1835 29.)
1166 1846 1170 1860 Ι

741 1955 817 2038 Ad
843 1956 977 2037 1251.

272 2117 430 2196 Suidas:
463 2111 679 2212 Ὀλυμπιάς
692 2148 702 2189 .·
741 2117 803 2195 Sic
832 2121 931 2221 apud
962 2120 1129 2198 Graecos
1158 2131 1313 2197 vocatur
1341 2116 1551 2209 certamer'r,

162 2254 294 2344 quarto
314 2270 460 2345 quoque
481 2272 579 2322 anno
600 2247 730 2348 peragi
751 2247 919 2339 solitum,
949 2246 998 2323 ob
1018 2246 1134 2336 diem,
1166 2247 1227 2346 qui
1248 2259 1379 2345 quarto
1402 2258 1551 2344 quoque

161 2394 260 2445 anno
281 2395 300 2443 e
319 2397 384 2445 sex
405 2371 503 2447 horis
524 2371 731 2468 collegitur.
750 2371 875 2457 Prima
893 2382 1017 2447 autem
1030 2369 1224 2473 Olympias
1243 2368 1373 2446 incidit
1390 2369 1426 2443 in
1448 2379 1547 2443 aeta-

162 2504 237 2570 tem
256 2494 477 2590 Salomonis,
498 2522 571 2596 quo
592 2507 757 2598 tempore
776 2492 805 2570 J
805 2495 866 2570 ovi
887 2495 1039 2597 publica
1057 2496 1228 2571 solennia
1240 2478 1434 2571 'celebrata
1452 2506 1550 2569 sunt.

268 2616 326 2696 of.
346 2619 471 2697 Schol.
491 2621 530 2697 in
549 2621 689 2699 Pindar
706 2621 857 2723 Olymp.
877 2623 944 2716 111,
965 2623 1027 2697 35.

599 2884 604 2893 ι
738 2831 976 2916 Aelim.

270 2994 391 3074 Senot.
419 2998 458 3073 in
488 2996 660 3076 Acachia.
690 2999 735 3075 de
765 2999 859 3077 falsa
885 3000 997 3098 legat.
1031 2998 1100 3073 12:
1132 2996 1179 3071 Oi
1204 2999 1450 3098 κοταγγελεῖς
1469 2993 1547 3069 τῶν

163 3113 325 3221 ἀγώνων
344 3119 560 3195 καλοῦνται
589 3119 945 3220 σπονδοφόροι
974 3110 1085 3195 nulli
1100 3117 1246 3218 χρόνος
1265 3125 1429 3210 ἐκεῖνος,
1450 3121 1548 3194 καθ’

162 3238 211 3319 ὅν
230 3236 393 3346 ἄγονται
414 3246 450 3319 οἱ
470 3241 635 3348 ἀγῶνες,
666 3246 852 3336 σπονδαί,
884 3244 947 3321 deci
977 3243 1022 3320 τὸ
1041 3255 1122 3332 τοῖς
1142 3251 1247 3333 θεοῖς
1267 3244 1350 3321 τότε
1370 3249 1550 3348 γίνεσθαι

162 3364 330 3456 σπονδὰς
349 3361 444 3470 ὑπὲρ
463 3369 526 3461 τῆς
539 3363 737 3458 Ἑλλάδος.
755 3375 968 3468 (Ludorum
985 3374 1105 3450 nuntii
1126 3382 1317 3449 vocantur¹
1329 3371 1552 3450 libationum

161 3495 319 3588 latores,
340 3510 376 3573 et
394 3509 543 3598 tempus
561 3497 671 3594 illud,
692 3524 766 3600 quo
784 3498 860 3576 ludi
880 3500 1063 3598 aguntur,
1090 3498 1240 3592 libatio,
1268 3498 1355 3598 quia
1372 3509 1463 3573 tunc
1482 3495 1551 3595 dlis

161 3648 231 3725 pro
250 3623 368 3698 salute
390 3622 571 3700 Graeciae
590 3623 740 3719 libant.)

738 3833 815 3919 Ad
830 3835 975 3918 12⁵8.

269 3997 390 4077 Aetoli
411 4013 448 4076 et
468 4001 559 4102 Epei
574 3998 1056 4119 jurejurando-interposito
1085 4001 1245 4102 professi
1270 4012 1358 4077 sunt
1377 4000 1550 4076 Eleorum

164 4122 341 4201 ditionem
360 4126 449 4202 Jovi
479 4154 560 4203 esse
588 4138 753 4204 sacram':
783 4124 847 4226 ‘qul
865 4112 959 4201 'eam'
973 4137 1118 4202 armata
1136 4126 1173 4199 vi
1192 4127 1415 4220 incesseret,
1445 4125 1513 4202 nef
1535 4173 1548 4186 ·

160 4250 256 4325 rlum
275 4252 506 4343 habendum,
526 4252 731 4354 eodemque
750 4253 855 4344 loco,
881 4246 947 4352 qui
964 4252 1001 4327 id
1021 4249 1141 4327 scelus
1159 4272 1236 4327 non
1256 4274 1325 4352 pro
1343 4250 1441 4328 vlrili
1461 4249 1549 4327 ulci-

162 4389 337 4452 sceretur.
361 4376 486 4455 xUnde
515 4389 757 4456 consecutum
785 4388 862 4470 est,
898 4387 958 4471 nt,
994 4377 1057 4476 qui
1085 4377 1222 4453 urbem·
1247 4377 1390 4455 Elidem
1404 4389 1550 4478 'postus

161 4501 385 4598 conderent,
406 4503 516 4580 nullis
535 4527 617 4579 eam
635 4502 829 4601 cingerent
849 4503 982 4597 muris,
1009 4502 1129 4602 etqui
1149 4503 1313 4578 exercitu
1331 4528 1399 4605 per
1419 4503 1549 4580 urm

160 4628 279 4720 irent,
308 4653 409 4705 arma
438 4628 539 4704 Eleis
567 4628 774 4722 traderent,
805 4627 1019 4727 egressique
1048 4650 1178 4703 eorum
1206 4630 1303 4705 fines
1328 4629 1548 4731 reciperunt.

161 4750 363 4845 (Strabo
383 4752 487 4847 VIII,
507 4755 543 4848 3,
564 4754 627 4830 3³.
647 4780 683 4855 p.
703 4754 816 4845 548.)

268 4877 393 4971 Quum
413 4879 493 4955 Elei
515 4879 717 4980 juventute
744 4878 981 4954 abundarent
1008 4905 1052 4955 ac
1071 4878 1337 4979 rempublicam
1367 4879 1551 4954 habereut

160 5014 260 5079 recte
279 5004 539 5100 constitutam,
566 5003 855 5082 Lacedaemonii
875 5004 1148 5080 incrementum
1168 5029 1292 5083 eorum
1312 5004 1440 5098 ueriti,
1461 5026 1547 5105 ope·

160 5152 242 5206 ram
258 5128 463 5224 dederunt,
492 5142 535 5206 ut
550 5131 775 5208 sacrosancti
795 5141 940 5225 essent,
970 5152 1043 5232 quo
1063 5129 1101 5207 in
1119 5153 1212 5234 pace
1233 5130 1432 5228 degentes,
1464 5129 1546 5205 nul·
