3436 5790
583 368 634 425 w
653 369 804 427 GENBRE
822 365 870 420 ΒΤ
887 364 1148 427 mumolum

814 557 931 643 13112

279 704 480 806 Hucusque
501 703 740 785 ascendendo
756 714 797 780 et
814 701 1074 780 descendendo
1094 732 1214 802 genus
1233 706 1413 807 procedit.

796 882 925 959 13¹2.

206 1068 216 1097 t
271 1013 324 1097 ‘O
342 1020 380 1101 δὲ
402 1019 541 1120 πατρὸς
560 1019 748 1118 ἀδελφὸς,
780 1027 885 1107 θεῖος
916 1015 938 1112 ἢ
966 1017 1231 1121 ἀδελφὸθερος
1252 1017 1273 1114 ἢ
1294 1022 1557 1121 τιατράδελφος

171 1141 382 1246 ἢάἀτρως·
411 1139 492 1222 ὅδὲ
513 1143 656 1249 μητρὸς
683 1142 872 1241 ἀδελφὸς,
903 1151 1009 1233 θεῖος
1034 1142 1062 1237 ἢ
1084 1146 1351 1246 μητράδελφος
1372 1144 1395 1240 ἢ
1408 1147 1555 1247 μήτρως

169 1265 194 1362 ἢ
212 1280 362 1367 νὲννος·
394 1266 414 1363 ἧ
435 1271 473 1348 δι’
495 1264 633 1374 τατρδς
653 1270 821 1370 ἀδελφή,
851 1279 940 1348 θεῖοι
960 1267 982 1364 ἢ
1002 1271 1286 1383 τατράδελφος·
1318 1267 1337 1364 ἦ
1360 1250 1398 1351 δὲ
1414 1272 1555 1375 μητρὸς

170 1392 316 1496 ἆδελφῆ
327 1456 342 1505 t
370 1392 459 1478 θεῖοι
481 1394 780 1501 ἢμηνράδελφος
798 1392 822 1494 ἢ
840 1403 961 1493 τηθίς.
1100 1402 1252 1496 (Pollux
1273 1404 1341 1497 III,
1362 1404 1444 1497 22.)

805 1580 919 1658 1312.
1059 1579 1063 1594 ²

276 1726 397 1802 Patris
416 1728 531 1803 frater
548 1723 649 1826 {vero
675 1737 851 1827 patruus,
881 1728 1009 1808 matris
1037 1739 1161 1802 autem
1191 1726 1322 1818 irater,
1351 1728 1557 1805 avunculus

169 1853 314 1931 dieitur.
352 1852 475 1929 Patris
493 1852 593 1928 idem
611 1879 737 1947 soror,
757 1853 892 1948 amita3
910 1852 1039 1930 matris
1058 1863 1183 1928 autem
1203 1854 1323 1945 soror,
1342 1861 1553 1931 matertera„

806 2032 919 2108 1313.

269 2167 321 2250 ‘0
340 2170 377 2247 δὲ
399 2169 573 2268 ἀδελφοῦ
593 2168 617 2264 ἢ
637 2170 803 2268 ἀδελφῆς
828 2169 932 2263 υἱὸς,
964 2170 1220 2267 ἀδελφιδοῦς,
1250 2177 1319 2249 καὶ
1340 2166 1359 2264 ἦ
1383 2170 1554 2277 θυγάτηρ

168 2296 320 2389 αὐτῶν,
358 2295 563 2393 ἀδελφιδῆ·
601 2295 763 2392 ἀδελφοὶ
793 2296 853 2387 δι’,
894 2301 929 2373 οἱ
955 2301 1030 2394 μὲν
1058 2305 1103 2373 ἐκ
1133 2300 1208 2374 του
1235 2295 1360 2374 αὐτοῦ
1390 2295 1551 2397 πατρὸς,

167 2417 395 2525 ὁμοπάτριοι
415 2428 483 2499 καὶ
503 2415 759 2522 ὁμοπάτορες·
789 2427 826 2497 ολ
856 2423 894 2500 δὲ
923 2432 969 2500 ἐκ
993 2425 1055 2515 τῆς
1075 2422 1192 2514 αὐτῆς
1207 2421 1370 2522 μητρὸς,
1401 2415 1553 2522 ὁμομή-

166 2581 262 2650 τριοι
291 2555 358 2625 καὶ
387 2542 630 2647 ἀμομὴτορες.
665 2545 773 2624 Ἀλλ’
802 2551 838 2624 οὶ
862 2550 938 2646 μὲν
965 2556 1012 2625 ἐκ
1035 2547 1165 2648 μόνου
1195 2546 1335 2647 πατρὸς
1364 2546 1551 2643 ἀδελφοὶ,

167 2673 363 2776 διαφόρων
382 2675 420 2752 δὲ
436 2681 629 2779 μφέρων,
655 2671 939 2775 ἀμφιμήτορες·
970 2679 1004 2750 oi
1027 2673 1064 2750 δι’
1084 2684 1130 2776 ἐν
1150 2673 1350 2773 διαφόρων
1369 2679 1551 2774 πατέρων,

161 2802 254 2902 μιᾶς
273 2800 312 2879 δὲ
327 2797 489 2903 μητρὸς,
518 2796 790 2900 ἀμφιπάτορες.
989 2802 1144 2899 (Pollux
1164 2805 1231 2898 III,
1253 2803 1445 2896 22-23.)

682 3013 686 3020 -
803 2964 917 3042 1313.

272 3111 414 3187 Fratris
451 3108 510 3186 vel
548 3110 686 3186 sororis
732 3108 858 3205 filius,
908 3109 1120 3207 fratrueliu3
1165 3110 1407 3211 ipsorumque
1453 3107 1548 3205 filia,

165 3238 295 3339 neptis.
333 3237 485 3311 Fratres
513 3259 603 3318 vero
631 3234 695 3335 qui
728 3232 860 3310 eodem
880 3245 986 3334 patre
1006 3246 1094 3310 sunt
1115 3233 1252 3332 geniti,
1282 3243 1494 3335 compatres
1512 3245 1551 3323 et

165 3360 333 3466 paterni,
373 3357 436 3459 qui
465 3370 587 3434 autem
615 3358 746 3434 eadem
775 3371 892 3435 matre
921 3360 1134 3452 summati,
1169 3359 1326 3443 materni
1356 3368 1548 3434 vocantur.

165 3489 238 3583 Qui
258 3515 348 3563 vero
368 3484 499 3560 eodem
517 3495 643 3588 patre,
672 3483 737 3560 sed
765 3494 884 3560 matre
911 3483 1060 3561 diversa
1087 3484 1165 3559 nati
1185 3496 1291 3576 sunt,
1319 3484 1453 3561 fratres
1472 3509 1549 3561 non

163 3614 331 3711 germani
358 3613 515 3692 duarum
542 3624 721 3710 matrum3
750 3613 813 3715 qui
841 3623 966 3690 autem
994 3639 1069 3690 una
1096 3624 1235 3708 matre,
1266 3611 1331 3688 sed
1358 3621 1465 3714 patre
1494 3612 1548 3687 di-

165 3767 274 3818 verso
293 3739 410 3843 geniti
430 3749 536 3835 sunt,
566 3739 701 3818 fratres
729 3764 805 3819 non
828 3739 997 3839 germani
1017 3738 1173 3817 duorum
1191 3750 1339 3843 patrum
1358 3747 1547 3815 vocantur.

799 3922 914 4001 1314.

224 4088 231 4101 ·
270 4062 402 4142 Πάλιν
420 4070 558 4143 τοίνυν
576 4061 755 4161 ἀδελφῶν
784 4062 937 4154 παῖδες,
967 4062 1145 4166 ἀνεψιοὶ,
1174 4063 1250 4140 εἴτε
1269 4070 1315 4140 ἐκ
1334 4059 1545 4161 πατραδέλ-

143 4220 249 4287 ,φων
276 4189 354 4267 εἷεν
380 4192 455 4268 εἴτε
483 4198 530 4268 ἐκ
552 4181 852 4295 μητράδὲλφων,
882 4190 958 4266 εἴτε
987 4198 1026 4282 ἐξ
1056 4185 1230 4286 ἀδελφοῦ
1258 4193 1327 4263 καὶ
1355 4184 1544 4283 ἀδελφῆς,

162 4318 230 4393 εἴτ’
249 4325 296 4394 ἐκ
314 4315 428 4403 δυοῖν
446 4313 614 4417 ἀρρένων
631 4312 833 4410 ἀδελφῶν,
860 4314 932 4392 εἴτ’
950 4322 997 4393 ε’·ιι
1018 4313 1131 4392 δυοῖν
1152 4312 1336 4407 θηλειῶν·
1368 4305 1546 4402 ῶσαύτως

164 4442 201 4520 δι’
221 4448 290 4519 καὶ
311 4439 493 4544 ἀνεψιαὶ,
514 4444 553 4518 αἱ
574 4438 735 4532 θήλειαι.
1093 4443 1247 4537 (Pollux
1266 4444 1334 4538 III,
1354 4443 1438 4536 28.)

799 4589 912 4666 1314.

202 4788 207 4795 -
266 4735 428 4811 Rursum
455 4736 611 4812 fratrum
639 4732 768 4827 liberi,
798 4733 930 4811 fratres
967 4731 1154 4835 patrueles
1192 4732 1384 4826 dicuntur,
1413 4732 1492 4841 sive
1522 4755 1542 4806 e

159 4861 335 4939 fratribus
364 4859 494 4937 eodem
519 4870 624 4961 patre
642 4859 871 4960 progenitis,
900 4856 980 4935 sive
999 4884 1046 4936 ex
1065 4859 1240 4952 uterinis,
1270 4857 1349 4934 sive
1378 4883 1398 4932 e
1427 4857 1543 4932 fratre

160 4998 372 5078 eteorum,
403 4985 481 5060 sive
511 5010 531 5059 e
560 4983 706 5062 duobus
734 4983 916 5060 fratribus
940 4985 1002 5060 vel
1030 4983 1215 5061 eduabus
1244 4981 1443 5060 sororibus.
1481 4979 1544 5058 sio

160 5112 272 5190 etiam
299 5110 427 5215 proles
454 5109 649 5209 femellae,
679 5135 826 5189 sorores
844 5110 1034 5213 patrueles
1053 5093 1237 5209 dicuntur.

1263 5230 1328 5302 22*
