3436 5790
116 318 140 375 ¹
463 401 771 451 55555555555555
793 399 842 447 Ao
865 392 942 448 5555
965 393 1044 452 5555.
1066 398 1144 451 5555
1168 397 1246 452 5555
1473 379 1549 471 603

116 542 276 725 ζγάμῳ
296 600 493 665 συνοικεῖν
513 585 696 675 εἰώθασι,
721 582 819 686 μετὰ
850 583 922 676 τήν
952 586 1101 686 πρώτην
1122 599 1256 688 πεῖραν
1274 588 1350 679 τῆς
1359 587 1551 687 ἀθεμίτου

116 682 307 845 :figeac
348 717 479 819 (Apud
509 715 736 807 Phoenices,
768 716 831 814 qui
860 715 1108 793 Libanumet
1072 717 1356 860 etHeliopplim
1384 718 1552 795 incolunt

116 806 219 987 :fas
247 843 403 943 amplius
431 868 506 918 non
525 842 595 918 fuit
580 853 715 918 555555
716 843 768 917 555
791 841 977 939 virgines,
1008 846 1226 945 priusquam
1245 842 1334 919 viris
1348 844 1549 943 jungeren

116 930 243 1066 ¹tur3
271 969 410 1043 hist
347 997 394 1044 au
396 981 470 1044 tem
489 966 655 1066 legitimo
675 969 862 1044 connubio
883 982 973 1046 tunc
992 970 1141 1046 demum
1163 970 1359 1046 sociabant
1344 980 1422 1062 tur,
1453 979 1550 1069 post·

159 1124 277 1201 puram
294 1099 400 1176 illicit
385 1110 462 1174 tum
484 1098 662 1174 concubit
647 1110 726 1173 tum
747 1109 924 1198 expertae
944 1099 1100 1174 fuissent
1086 1102 1133 1189 t.)

742 1305 818 1388 Ad
841 1309 984 1391 1³50.

274 1475 526 1563 Plutarch.
557 1474 844 1567 Quaestion.
876 1473 1079 1551 Conviv.
1100 1475 1166 1569 1V‚
1187 1474 1221 1568 3,
1247 1474 1289 1548 1;
1319 1472 1488 1575 Sponsus
1507 1470 1553 1546 ad

160 1628 243 1702 nup
246 1603 315 1676 tias
246 1603 471 1677 tmultos
491 1612 621 1693 vocat,
652 1610 693 1676 ut
710 1601 848 1675 multos
868 1600 1005 1677 habeat
1025 1603 1193 1678 conscios
1218 1612 1330 1700 atque
1351 1609 1483 1690 testes,
1511 1597 1552 1671 li-

162 1728 299 1805 berum
319 1752 359 1801 se
379 1725 536 1802 liberam
555 1726 713 1803 duxisse.

736 1899 813 1981 555
841 1900 1011 2001 1³⁵⁷»

202 2132 206 2137 ,
273 2048 494 2124 Jasensibus
522 2076 599 2124 non
622 2048 766 2124 'licebat
794 2048 839 2123 ad
867 2050 1018 2148 nuptias
1038 2048 1196 2124 invitare
1215 2047 1341 2148 plures
1362 2072 1472 2146 quam
1493 2046 1554 2122 de·

163 2198 247 2252 cern
267 2174 366 2248 viros
386 2174 611 2272 totidemque
631 2173 810 2265 feminas,
840 2198 961 2271 neque
987 2177 1200 2273 nuptiarum
1220 2174 1480 2249 solennitatem
1500 2172 1555 2246 ul-

162 2311 223 2381 tra
241 2299 397 2376 biduum
417 2299 620 2375 extrahere.
651 2298 968 2390 (Heraclides
997 2299 1052 2394 de
1082 2299 1175 2373 reb.
1205 2300 1333 2400 publ.
1364 2300 1447 2393 40.)

737 2508 813 2592 Aa
842 2510 985 2592 1³55.

274 2657 385 2758 Apud
404 2658 644 2734 Plutarchum
663 2659 703 2734 in
723 2659 801 2734 vita
820 2657 968 2735 Solonis
990 2662 1091 2759 (cap.
1104 2660 1176 2751 20)
1197 2686 1266 2759 pro
1287 2657 1556 2758 συγκατακλί-

163 2787 303 2857 νεσθαι
323 2785 461 2880 legitur
480 2784 881 2883 συγκαθείργνυσθαι.

746 2992 822 3077 Aa
840 2995 987 3077 1³5⁹.

276 3141 491 3241 „Quidquid
510 3156 656 3240 praeter
677 3143 801 3220 dotem
830 3141 957 3217 datum
977 3142 1088 3217 fuerit
1113 3142 1265 3234 marito,
1295 3144 1420 3219 liberis
1441 3169 1460 3218 e
1480 3170 1555 3217 ma-

165 3269 341 3344 trimonio
360 3292 437 3342 non
457 3269 664 3368 procreatis
694 3276 780 3368 post
809 3268 934 3342 uxoris
961 3279 1118 3343 mortem
1146 3271 1293 3369 reposci
1323 3296 1398 3344 non
1423 3277 1556 3368 potest

166 3400 271 3472 Inter
286 3393 379 3469 haec
399 3417 488 3467 vero
508 3391 607 3468 dona
626 3402 880 3467 memorantur
898 3390 946 3466 ab
967 3393 1177 3468 oratoribus
1197 3394 1415 3496 saepissime
1434 3404 1558 3469 vestes

168 3529 207 3595 et
225 3545 316 3594 vasa
335 3542 467 3610 aurea,
498 3529 607 3616 atque
638 3519 766 3594 Isaeus
795 3515 969 3592 benevoli
993 3518 1109 3596 animi
1128 3520 1382 3595 testimonium
1400 3518 1557 3595 certissi-

167 3671 269 3720 mum
287 3643 374 3718 inde
394 3642 507 3742 petit,
537 3642 636 3739 quod
665 3653 813 3741 praeter
842 3643 969 3719 dotem
995 3643 1058 3720 illa
1076 3646 1190 3721 etiam
1208 3671 1231 3720 a
1248 3626 1369 3720 mariti
1390 3643 1557 3720 defuncti

168 3771 337 3865 cognatis
365 3766 499 3842 viduae
528 3767 674 3842 reddita
703 3768 850 3843 fuerint.
890 3768 995 3860 Quae
1024 3795 1108 3845 cum
1127 3770 1259 3848 eadem
1279 3794 1427 3870 semper
1446 3771 1553 3844 innu-

167 3895 278 3970 meris
298 3904 485 3969 oratorum
505 3893 597 3969 locis
616 3905 821 3971 memorata
839 3896 1094 3988 inveniamus,
1124 3896 1184 3971 lox
1203 3896 1267 3971 illa
1287 3895 1458 3987 Solonis,
1486 3921 1559 3993 qua
1602 3888 1603 3892 '

168 4031 334 4113 vetatur,
364 4043 410 4093 ne
435 4019 553 4094 tribus
583 4020 749 4095 vestibus
778 4031 815 4094 et
842 4020 950 4120 parvi
980 4021 1091 4120 pretii
1119 4021 1340 4121 supellectili
1360 4022 1444 4122 plus
1463 4047 1559 4099 uxor

168 4147 300 4222 afferat
318 4140 502 4239 (φερνή),
531 4144 579 4220 ad
608 4168 652 4219 ea
680 4155 824 4220 tantum
843 4145 943 4221 haud
964 4145 1076 4224 dubie
1097 4156 1154 4222 est
1173 4145 1408 4223 referenda“
1439 4147 1556 4220 Bun·

168 4296 273 4348 sen:
304 4270 349 4346 de
364 4273 449 4370 jure
469 4270 694 4347 hereditario
713 4269 998 4348 Atheniensium
1017 4301 1052 4374 p.
1073 4272 1140 4373 432

278 4396 622 4472 Westerrnann
651 4396 698 4471 ad
719 4395 818 4470 hunc
836 4396 1029 4473 Plutarchi
1047 4399 1190 4475 locum:
1223 4392 1375 4494 ,φερνή
1407 4400 1558 4499 proprie

169 4523 306 4598 dictum
326 4532 380 4595 est
400 4522 444 4597 de
466 4547 509 4595 eo
530 4521 628 4620 quod
657 4549 751 4598 uxor
777 4524 909 4599 marito
939 4525 1065 4616 affert,
1096 4531 1205 4618 προῖξ
1231 4523 1276 4599 de
1297 4551 1341 4600 5ο
1363 4524 1461 4622 quod
1481 4549 1558 4599 ma-

170 4649 240 4724 rito
262 4646 493 4723 afferendum
512 4672 671 4747 sponsae
693 4648 756 4723 dat
776 4650 917 4749 pater.“
953 4646 1028 4724 Sed
1049 4662 1086 4725 55
1105 4645 1252 4744 cepada
1270 4677 1394 4726 nonne
1415 4675 1437 4724 a
1455 4663 1560 4751 patre

171 4774 308 4872 accipit
329 4775 493 4872 sponsa?

279 4898 419 4973 Neuter
438 4921 507 4973 acu
527 4922 605 4973 rem
625 4900 756 4997 tetigit.
795 4898 912 4976 Solon
941 4899 987 4976 de
1014 4902 1058 4975 iis
1085 4900 1233 4977 filiabus
1253 4900 1483 4979 solummodo
1503 4902 1558 4977 lo·

173 5027 307 5126 quitur,
327 5049 422 5124 quae
442 5051 518 5101 non
538 5037 625 5100 sunt
643 5026 908 5120 hereditariae;
936 5054 984 5103 ne
1004 5028 1178 5105 videlicet
1196 5055 1264 5131 per
1283 5028 1558 5105 matrimonium

171 5150 378 5227 substantia
397 5151 506 5228 unius
524 5154 672 5250 generis
697 5154 735 5226 in
759 5152 859 5229 aliud
888 5154 1141 5233 transferatur.
1182 5156 1239 5233 ld
1259 5153 1352 5231 filias
1371 5153 1557 5236 heredita·
