3436 5790
636 433 957 488 maturanum.
1414 415 1490 492 159

732 625 839 702 -648,

209 748 310 838 Δίκη
328 741 437 847 αὐτῷ
451 746 506 845 μὴ
532 749 626 822 ἔσται
655 753 740 847 περὶ
766 746 840 825 τοῦ
867 745 1054 854 ἀργυρίου
1064 806 1076 842 ,
1105 743 1129 827 δ
1146 744 1200 827 do
1217 782 1274 839 τις
1292 750 1396 853 ἐκδῷ
1414 747 1488 830 άλ-

105 877 191 947 λοσέ
207 902 258 970 πῃ
276 867 300 964 ἢ
321 869 517 966 Ἀθήναζε
527 928 540 964 ,
564 871 657 972 μηδὲ
678 869 776 973 cippi
798 876 976 979 εἰσαγέτω
995 880 1077 976 περὶ
1096 875 1239 952 τούτου
1253 875 1431 977 μηδεμία.

775 1004 987 1097 (Demosth.
1007 1005 1092 1082 adv.
1112 1005 1247 1084 Lacrit
1268 1007 1378 1100 941.)

751 1165 839 1241 648.

210 1286 318 1367 Actio
339 1291 372 1367 ei
392 1315 439 1367 ne
459 1289 566 1368 detur
584 1290 631 1367 de
650 1301 826 1391 argento,
856 1290 955 1395 quod
974 1290 1056 1395 quis
1076 1292 1148 1369 alio
1167 1294 1342 1398 quopiam
1361 1293 1480 1370 elooa'-

104 1417 150 1491 rit
169 1441 280 1515 quam
299 1413 487 1510 Athenas,
517 1440 587 1491 noo
615 1416 854 1514 magistratus
870 1406 978 1492 'ullus
1008 1441 1090 1493 eam
1107 1417 1145 1493 in
1164 1415 1346 1517 judicium
1364 1419 1479 1498 intro·

104 1541 236 1618 ducito.

702 1730 885 1825 Μέροςά.

520 1860 681 1945 Δίκης
725 1855 1065 1950 α’ναλώματα.

597 2217 712 2286 Lilia
744 2217 976 2309 impendia.

744 2386 833 2462 649.

208 2519 265 2601 Tol
284 2521 493 2623 πρυτανεῖά
512 2531 616 2600 ἐστιν
634 2518 658 2601 ά
675 2522 791 2601 τιδιῖ
816 2527 1055 2625 καταβαλεῖν
1082 2520 1155 2624 πρά
1183 2523 1247 2617 τῆς
1275 2524 1384 2618 δίκης
1411 2523 1482 2603 τάν

103 2647 294 2730 διώκοντα
310 2654 381 2724 καὶ
399 2646 471 2726 τὸν
489 2647 754 2749 διωκόμενον·
781 2655 818 2728 εἰ
840 2649 879 2728 δὲ
894 2647 972 2749 μὴ,
1001 2648 1258 2754 διαγράφουσι
1275 2647 1347 2742 τὴν
1365 2650 1481 2742 δίκην

101 2777 136 2850 οῖ
154 2779 392 2880 εἰσαγωγεῖς·
422 2767 443 2852 ὃ
474 2774 512 2852 δὲ
542 2769 716 2869 ἡττηθεὶς
744 2772 956 2852 ἀποδίδωσι
984 2773 1028 2883 τὸ
1055 2782 1143 2875 παρ’
1163 2770 1392 2877 ἀμφοτέρων
1411 2774 1480 2852 δο-

102 2903 191 2977 θὲν·
221 2899 464 3002 λαμβάνουσι
494 2900 532 2978 δὲ
561 2898 658 2978 αὐτὸ
688 2905 725 2978 ol
754 2901 952 2979 δικασταί·
981 2907 1050 2976 καὶ
1081 2903 1216 2999 οῖ’μὲν
1239 2898 1317 2977 άπὸ
1338 2900 1481 2978 ἑκατὸν

100 3023 282 3126 δραχμῶν
310 3019 401 3127 άχρι
427 3033 571 3123 χιλίων
600 3027 848 3128 δικαζόμενοι
875 3039 971 3128 τρεῖς
996 3026 1168 3128 δραχμάς
1187 3032 1479 3118 κατατίθενται,

100 3153 135 3226 οἱ
155 3149 193 3227 δὲ
214 3148 293 3229 άπὸ
307 3157 451 3248 χιλίων
465 3159 579 3252 μέχρι
593 3159 746 3254 μυρίων
755 3211 766 3246 ,
795 3151 1019 3254 τριάκοντα.

745 3373 822 3447 649
989 3264 1147 3360 (Pollux
1165 3263 1269 3360 VIII,
1290 3264 1371 3362 38.)

204 3495 487 3575 Sacramentum
506 3507 563 3574 est
584 3497 649 3577 illa
675 3497 828 3574 definita
854 3522 1019 3588 summa,
1049 3522 1160 3598 quam
1187 3510 1274 3573 ante
1293 3498 1479 3574 actionem

96 3633 199 3699 actor
216 3634 254 3699 ct
272 3649 357 3699 reus
376 3622 564 3724 deponere
585 3621 742 3720 debent;
771 3620 870 3723 quod
900 3620 931 3698 si
954 3647 1030 3698 non
1049 3622 1174 3717 fieret,
1203 3621 1478 3700 introductores

97 3775 290 3827 causarum
307 3748 405 3824 hano
423 3749 610 3824 actionem
629 3746 774 3824 dolant:
802 3747 924 3824 victus
954 3771 1045 3824 vero
1068 3757 1307 3849 utrorumque
1328 3747 1477 3848 deposi-

96 3886 176 3961 tum
193 3872 302 3952 solvit
320 3872 430 3973 idque
442 3872 591 3974 judices
610 3872 809 3974 accipiunt.
834 3871 866 3950 A
886 3884 1035 3949 centurn
1054 3871 1312 3950 drachmarum
1331 3897 1476 3950 summa

95 4025 211 4098 usque
231 3998 280 4076 ad
298 3998 399 4074 mille
418 3996 628 4098 litigantes,
657 4008 733 4074 tres
760 3995 955 4075 drachmas
984 3996 1197 4098 deponunt,
1225 3996 1288 4095 qui
1307 4008 1473 4075 autema

95 4123 194 4199 mille
215 4121 398 4224 usquead
418 4121 547 4198 decem
565 4121 680 4198 millia
698 4122 867 4219 litigant,
894 4121 1057 4220 triginta

599 4346 610 4352 -
743 4284 830 4359 650.

166 4510 169 4516 ,
194 4419 255 4501 Ἤ
268 4423 308 4502 δὲ
326 4422 560 4524 παράστασις
576 4420 726 4525 δραχμή
746 4429 850 4498 ἐστιν
860 4480 870 4513 ,
901 4417 949 4513 ἦν
968 4413 990 4499 ά
1011 4418 1166 4500 διώκων
1184 4419 1286 4522 παρά
1305 4421 1473 4522 διαιτητῇ

95 4556 358 4655 προςασφέρει.
742 4661 820 4736 650
984 4551 1138 4645 (Pollux
1158 4551 1262 4644 Vfll,
1281 4551 1368 4648 ³9.)

200 4785 389 4866 Exhibitio
407 4787 481 4863 litis
500 4812 589 4864 vero
608 4797 664 4864 est
682 4785 878 4882 drachma,
906 4811 1017 4885 quam
1046 4797 1149 4862 actor
1172 4786 1271 4887 apud
1292 4786 1471 4863 arbitrum

95 4909 256 5014 deponit.
1212 4922 1215 4927 “
1264 4924 1294 4956 ”

738 5022 828 5101 651.

199 5141 488 5273 Λαμβάνουσιν
501 5167 537 5241 οῖ
557 5162 743 5256 διαιτηταὶ
771 5159 948 5264 δραχμήν
966 5160 1068 5267 παρά
1086 5160 1159 5244 roal
1176 5165 1383 5268 κρίνοντας
1402 5157 1486 5255 τήν·
