3436 5790
722 422 874 474 corioro,
1440 401 1494 475 113

140 740 143 745 ’
207 739 263 819 Ut
278 739 382 819 cives
399 735 611 817 necessario
629 734 871 817 concionibus
899 738 1090 836 intersint,
1117 738 1364 819 occluduntur
1381 740 1487 836 viae,

98 892 195 968 quae
222 891 300 943 non
318 865 455 943 -fenmt
480 862 529 941 ad
551 861 796 958 concionem,
825 862 1078 965 tollanturque
1107 890 1253 944 merces
1270 891 1293 942 e
1309 865 1423 959 loro,¹
1441 864 1490 943 ne

97 991 198 1070 circa
215 991 283 1069 has
300 1004 449 1093 tempus
467 997 602 1065 terant
632 988 718 1064 Duo
736 998 864 1089 autem
881 991 981 1067 servi
1000 1003 1155 1069 extenso
1174 1018 1242 1093 per
1259 991 1382 1067 forum
1400 991 1490 1068 fune

98 1116 250 1216 rubrica
276 1117 413 1210 tincto,
450 1113 596 1216 pellant
624 1112 807 1215 populum
834 1113 882 1194 ad
918 1116 1146 1194 concionem.
1193 1115 1489 1215 Quibuscunque

96 1266 189 1319 vero
208 1241 366 1327 minium
379 1224 570 1341 ,allinittmr
597 1237 1024 1341 mulctampersclvant.

755 1399 843 1487 119.

206 1529 273 1628 Asi
289 1526 500 1623 καθαίριιν
518 1519 590 1616 την
607 1526 821 1611 ἐκκλησίαν
831 1532 991 1622 μικροῖς
1015 1521 1119 1601 πάνυ
1132 1520 1361 1627 χοιριδίοις,
1391 1518 1488 1623 άπερ

101 1643 361 1748 ὀνομάζονται
379 1644 600 1746 καθάρσια·
627 1645 746 1724 τοῦτο
766 1643 805 1723 δὲ
825 1645 1006 1724 ποιοῦσιν
1033 1649 1071 1725 οἱ
1094 1646 1297 1753 λεγόμενοι
1316 1653 1487 1748 περιστί-

101 1803 226 1876 αρχοι.
766 1776 1036 1878 (Harpocratic
1055 1801 1092 1854 v,
1110 1771 1377 1872 καθάρσιον),

628 1989 633 1996 -
755 1936 843 2015 129.

200 2059 382 2141 Lustrare
410 2073 559 2173 oportet
594 2046 813 2141 concionem
838 2063 965 2165 parvis
993 2061 1184 2167 porcellis,
1219 2055 1288 2166 .qui
1315 2064 1488 2179 lustrales

101 2188 272 2267 victimae
292 2201 484 2267 vocantm.
521 2186 605 2267 Hoc
623 2201 748 2267 autem
766 2189 981 2303 faciuntsic
999 2189 1089 2266 dicti
1108 2191 1334 2289 circuitores.
1367 2300 1369 2305 Ι

491 2420 493 2427 ,
592 2399 594 2403 -
674 2404 677 2410 -
752 2349 841 2428 130.

201 2466 254 2553 Ὃ
272 2436 561 2576 morealmes,
591 2465 613 2551 ὁ
644 2479 937 2575 αορικαέαίρων
963 2471 1035 2565 τὴν
1062 2476 1276 2567 ἐκκλησίαν
1305 2472 1367 2550 διά
1390 2479 1487 2573 χοί-

101 2627 172 2698 ρου
188 2605 479 2707 ἐπισφαγμένου
498 2596 546 2675 τά
563 2597 766 2714 καθάρσια
786 2595 920 2701 λαβών
940 2597 1089 2700 ριψάτω
1108 2603 1161 2687 εἰς
1178 2596 1252 2693 την
1273 2598 1487 2683 θάλασσαν.

662 2728 804 2825 (Schol
823 2729 864 2809 in
881 2727 1264 2823 eleachimflimaroh.
1285 2730 1379 2824 23.)

312 2954 329 2959 ..
521 2950 525 2957 .
751 2890 840 2969 180.

202 2978 410 3111 Uir-coitur,
447 3015 510 3115 qui
533 3026 698 3094 mactato
726 3017 892 3119 porcello
921 3018 1142 3097 concionem
1168 3018 1319 3110 lustrat,
1352 3019 1488 3097 sumtis

100 3142 259 3219 victimis
277 3139 493 3251 lustralibps
512 3140 684 3243 projiciat
702 3166 747 3217 ea
765 3141 805 3217 in
822 3167 936 3218 mare.
1318 3183 1320 3186 <

751 3301 839 3380 131.

204 3424 401 3526 Πρόιδρσι
424 3422 663 3526 κληροῦνται
687 3424 767 3503 τῶν
789 3425 1015 3526 πρυτάνεων
1041 3434 1139 3503 καθ’
1159 3427 1324 3521 ἑκάστην
1343 3434 1485 3520 ἐκκλη-

97 3555 190 3661 σίαν
204 3546 259 3638 είς
276 3557 316 3643 ἐξ
336 3532 495 3644 ἑκάστης
514 3549 660 3648 φυλῆς,
693 3549 793 3643 πλὴν
810 3550 876 3645 τῆς
903 3553 1231 3653 πρυτανιυοάσης,
1260 3558 1301 3630 οἳ
1316 3584 1415 3642 τινες
1424 3553 1481 3629 ’τά

97 3681 180 3776 περὶ
216 3673 283 3769 τῆς
322 3682 529 3770 ἐκκλησίας
566 3675 784 3770 διοικοῦσι,
822 3685 893 3756 καί
930 3677 1202 3780 προεδρεύουσι
1238 3678 1316 3756 τῶν
1354 3675 1486 3756 ἄλλων

96 3794 303 3905 ἁπάντων·
331 3794 414 3881 ὅδὲ
434 3800 631 3892 ἐπιστάτης
649 3809 786 3912 κληροῖ
802 3801 955 3902 αὐτούς.

181 3933 186 3945 ’
841 3934 1131 4040 (Harpocraticz
1160 3927 1380 4046 πρόεδροι).
1453 3947 1457 3959 ·

750 4095 838 4172 131.
1063 4075 1066 4079 ’
1368 4087 1371 4096 ·

204 4219 400 4329 Praesides
419 4247 439 4297 e
460 4222 703 4325 prytanibus,
733 4222 879 4322 quoties
907 4247 1006 4298 nova
1028 4220 1187 4297 habetur
1205 4213 1355 4314 concio,
1385 4232 1483 4299 sorte

99 4343 297 4445 leguntur,
327 4373 373 4423 ex
402 4346 568 4445 qualibet
597 4347 697 4422 tribu
725 4373 843 4440 unus,
873 4359 1033 4449 excepta
1060 4372 1126 4439 ea,
1156 4370 1251 4444 quae
1271 4347 1486 4447 prytaniam

97 4471 214 4569 gerit;
242 4472 305 4571 qui
332 4484 465 4549 curant
492 4499 538 4550 ea
563 4498 659 4573 quae
678 4472 726 4549 ad
746 4472 895 4548 comitia
914 4470 1043 4575 populi
1061 4473 1253 4573 pertinent
1272 4484 1309 4548 et
1327 4474 1487 4575 primam

97 4618 186 4697 praa
203 4594 364 4701 reliquis.
376 4596 504 4675 sedem
521 4603 664 4699 tenent.
684 4595 901 4675 Praefectus
913 4597 1037 4675 aulem
1055 4609 1154 4675 sorte
1173 4598 1267 4700 legit
1285 4599 1486 4702 praesides.

644 4822 647 4829 .
750 4756 839 4834 132.

194 4857 339 4977 Ὄπάσε
357 4907 400 4978 ἐν
418 4898 464 4999 τῇ
483 4902 670 5001 ἐκκλησίᾳ
689 4897 870 5001 ψήφισμα
891 4903 1072 5003 γραφείη,
1094 4904 1370 5000 ἐπιψηφίζουσι
1390 4896 1496 4998 πρά-ι

92 5052 206 5125 τιρον
224 5022 323 5103 αὐτὸ
344 5027 380 5101 oi
402 5023 602 5124 πρόεδροι,
635 5024 716 5102 εἶτα
734 5025 789 5127 τῷ
809 5024 922 5124 δήμῳ
943 5022 1261 5129 ἀναγινώσκεται.

393 5151 536 5246 (Schol.
557 5154 597 5230 in
617 5153 791 5234 Aeschin.
813 5167 904 5233 orat.
925 5152 971 5229 de
990 5153 1072 5229 fals.
1092 5153 1204 5252 legat
1225 5147 1260 5254 ξ.
1281 5154 1376 5245 81).
1402 5167 1406 5183 ”

1250 5274 1271 5340 3
