<?xml version="1.0" encoding="UTF-8"?>
<!DOCTYPE html PUBLIC "-//W3C//DTD XHTML 1.0 Transitional//EN"
    "http://www.w3.org/TR/xhtml1/DTD/xhtml1-transitional.dtd">
<html xmlns="http://www.w3.org/1999/xhtml" xml:lang="en" lang="en">
 <head>
  <title>
</title>
<meta http-equiv="Content-Type" content="text/html;charset=utf-8" />
  <meta name='ocr-system' content='tesseract 3.04.00' />
  <meta name='ocr-capabilities' content='ocr_page ocr_carea ocr_par ocr_line ocrx_word'/>
</head>
<body>
  <div class='ocr_page' id='page_1' title='image "./synaggtnattiknn00tlgoog_0545.png"; bbox 0 0 3436 5790; ppageno 0'>
   <div class='ocr_carea' id='block_1_1' title="bbox 587 429 1133 490">
    <p class='ocr_par' dir='ltr' id='par_1_1' title="bbox 587 429 1133 490">
     <span class='ocr_line' id='line_1_1' title="bbox 587 429 1133 490; baseline -0.013 -1"><span class='ocrx_word' id='word_1_1' title='bbox 587 436 893 490; x_wconf 73' lang='lat' dir='ltr'>COMMENTARIUS</span> <span class='ocrx_word' id='word_1_2' title='bbox 917 432 968 485; x_wconf 72' lang='lat' dir='ltr'><strong>AD</strong></span> <span class='ocrx_word' id='word_1_3' title='bbox 987 429 1050 486; x_wconf 81' lang='lat'><strong>816.</strong></span> <span class='ocrx_word' id='word_1_4' title='bbox 1070 431 1133 487; x_wconf 66' lang='lat'><strong>8175</strong></span> 
     </span>
    </p>
   </div>
   <div class='ocr_carea' id='block_1_2' title="bbox 752 659 962 743">
    <p class='ocr_par' dir='ltr' id='par_1_2' title="bbox 752 659 962 743">
     <span class='ocr_line' id='line_1_2' title="bbox 752 659 962 743; baseline -0.005 0"><span class='ocrx_word' id='word_1_5' title='bbox 752 659 828 743; x_wconf 78' lang='lat' dir='ltr'><strong>Aa</strong></span> <span class='ocrx_word' id='word_1_6' title='bbox 856 660 962 742; x_wconf 80' lang='lat' dir='ltr'><strong>sla.</strong></span> 
     </span>
    </p>
   </div>
   <div class='ocr_carea' id='block_1_3' title="bbox 159 819 1550 1430">
    <p class='ocr_par' dir='ltr' id='par_1_3' title="bbox 159 819 1552 1430">
     <span class='ocr_line' id='line_1_3' title="bbox 269 819 1545 926; baseline -0.008 -24"><span class='ocrx_word' id='word_1_7' title='bbox 269 827 404 905; x_wconf 79' lang='lat' dir='ltr'>Pollux</span> <span class='ocrx_word' id='word_1_8' title='bbox 425 829 528 920; x_wconf 88' lang='lat' dir='ltr'><strong>VIII,</strong></span> <span class='ocrx_word' id='word_1_9' title='bbox 549 831 620 903; x_wconf 80' lang='lat'><strong>46:</strong></span> <span class='ocrx_word' id='word_1_10' title='bbox 654 825 855 923; x_wconf 79' lang='grc' dir='ltr'><em>Προβολαί</em></span> <span class='ocrx_word' id='word_1_11' title='bbox 876 886 884 903; x_wconf 93' lang='grc'><strong>.</strong></span> <span class='ocrx_word' id='word_1_12' title='bbox 908 884 914 897; x_wconf 90' lang='grc'><strong>.</strong></span> <span class='ocrx_word' id='word_1_13' title='bbox 936 883 943 900; x_wconf 95' lang='grc'><strong>.</strong></span> <span class='ocrx_word' id='word_1_14' title='bbox 964 825 1144 926; x_wconf 76' lang='grc' dir='ltr'><em>ἐγίνοντο</em></span> <span class='ocrx_word' id='word_1_15' title='bbox 1168 825 1235 895; x_wconf 73' lang='grc' dir='ltr'><em>κατ’</em></span> <span class='ocrx_word' id='word_1_16' title='bbox 1261 825 1342 918; x_wconf 79' lang='lat' dir='ltr'><strong>aspi</strong></span> <span class='ocrx_word' id='word_1_17' title='bbox 1364 819 1440 894; x_wconf 91' lang='grc' dir='ltr'><em>τῶν</em></span> <span class='ocrx_word' id='word_1_18' title='bbox 1458 824 1545 908; x_wconf 73' lang='grc' dir='ltr'><em>ἐξυ-</em></span> 
     </span>
     <span class='ocr_line' id='line_1_4' title="bbox 159 932 1546 1048; baseline -0.004 -26"><span class='ocrx_word' id='word_1_19' title='bbox 159 945 381 1048; x_wconf 79' lang='grc' dir='ltr'><em>βρισάντων</em></span> <span class='ocrx_word' id='word_1_20' title='bbox 400 944 422 1041; x_wconf 72' lang='lat' dir='ltr'><strong>ii</strong></span> <span class='ocrx_word' id='word_1_21' title='bbox 441 946 708 1042; x_wconf 76' lang='grc' dir='ltr'><em>ἀδικησάντων</em></span> <span class='ocrx_word' id='word_1_22' title='bbox 728 943 752 1040; x_wconf 76' lang='grc' dir='ltr'><strong><em>ἢ</em></strong></span> <span class='ocrx_word' id='word_1_23' title='bbox 772 945 1042 1047; x_wconf 74' lang='grc' dir='ltr'><em>ἀσεβησάντων</em></span> <span class='ocrx_word' id='word_1_24' title='bbox 1061 951 1143 1045; x_wconf 77' lang='grc' dir='ltr'><em>περὶ</em></span> <span class='ocrx_word' id='word_1_25' title='bbox 1170 941 1236 1031; x_wconf 72' lang='lat' dir='ltr'><strong>scic</strong></span> <span class='ocrx_word' id='word_1_26' title='bbox 1264 939 1415 1044; x_wconf 75' lang='grc' dir='ltr'><em>ἑορτάς,</em></span> <span class='ocrx_word' id='word_1_27' title='bbox 1446 932 1496 1027; x_wconf 76' lang='grc' dir='ltr'><strong>ῶς</strong></span> <span class='ocrx_word' id='word_1_28' title='bbox 1528 934 1546 1033; x_wconf 88' lang='grc' dir='ltr'><em>ή</em></span> 
     </span>
     <span class='ocr_line' id='line_1_5' title="bbox 160 1051 1550 1173; baseline -0.001 -25"><span class='ocrx_word' id='word_1_29' title='bbox 160 1068 265 1148; x_wconf 79' lang='grc' dir='ltr'><em>κατὰ</em></span> <span class='ocrx_word' id='word_1_30' title='bbox 285 1071 458 1149; x_wconf 78' lang='grc' dir='ltr'><em>Μειδίου</em></span> <span class='ocrx_word' id='word_1_31' title='bbox 477 1071 658 1173; x_wconf 79' lang='grc' dir='ltr'><em>προβολή.</em></span> <span class='ocrx_word' id='word_1_32' title='bbox 689 1073 893 1171; x_wconf 83' lang='lat' dir='ltr'><strong>(Querelae</strong></span> <span class='ocrx_word' id='word_1_33' title='bbox 911 1051 1203 1152; x_wconf 87' lang='lat' dir='ltr'><strong>intendebantur</strong></span> <span class='ocrx_word' id='word_1_34' title='bbox 1222 1073 1332 1150; x_wconf 89' lang='lat' dir='ltr'><strong>etiam</strong></span> <span class='ocrx_word' id='word_1_35' title='bbox 1351 1070 1550 1171; x_wconf 85' lang='lat' dir='ltr'><strong>injuriosis,</strong></span> 
     </span>
     <span class='ocr_line' id='line_1_6' title="bbox 160 1192 1549 1304; baseline -0.006 -28"><span class='ocrx_word' id='word_1_36' title='bbox 160 1201 459 1304; x_wconf 88' lang='lat' dir='ltr'><strong>delinquentibus</strong></span> <span class='ocrx_word' id='word_1_37' title='bbox 479 1216 515 1280; x_wconf 90' lang='lat' dir='ltr'><strong>et</strong></span> <span class='ocrx_word' id='word_1_38' title='bbox 532 1202 747 1304; x_wconf 80' lang='lat' dir='ltr'><strong>irreligiosis</strong></span> <span class='ocrx_word' id='word_1_39' title='bbox 767 1202 866 1281; x_wconf 85' lang='lat' dir='ltr'><strong>circa</strong></span> <span class='ocrx_word' id='word_1_40' title='bbox 885 1202 1001 1296; x_wconf 88' lang='lat' dir='ltr'><strong>festa,</strong></span> <span class='ocrx_word' id='word_1_41' title='bbox 1031 1201 1150 1302; x_wconf 90' lang='lat' dir='ltr'><strong>qualis</strong></span> <span class='ocrx_word' id='word_1_42' title='bbox 1170 1211 1226 1276; x_wconf 90' lang='lat' dir='ltr'><strong>est</strong></span> <span class='ocrx_word' id='word_1_43' title='bbox 1245 1209 1376 1276; x_wconf 86' lang='lat' dir='ltr'><strong>contra</strong></span> <span class='ocrx_word' id='word_1_44' title='bbox 1395 1192 1549 1274; x_wconf 88' lang='lat' dir='ltr'><strong>Midiam</strong></span> 
     </span>
     <span class='ocr_line' id='line_1_7' title="bbox 162 1327 345 1430; baseline 0 -28"><span class='ocrx_word' id='word_1_45' title='bbox 162 1327 345 1430; x_wconf 82' lang='lat' dir='ltr'><strong>querela.)</strong></span> 
     </span>
    </p>
   </div>
   <div class='ocr_carea' id='block_1_4' title="bbox 749 1449 965 1534">
    <p class='ocr_par' dir='ltr' id='par_1_4' title="bbox 749 1449 965 1534">
     <span class='ocr_line' id='line_1_8' title="bbox 749 1449 965 1534; baseline 0.005 -1"><span class='ocrx_word' id='word_1_46' title='bbox 749 1449 825 1533; x_wconf 76' lang='lat' dir='ltr'><strong>Aa</strong></span> <span class='ocrx_word' id='word_1_47' title='bbox 858 1452 965 1534; x_wconf 73' lang='lat'><strong>01⁷.</strong></span> 
     </span>
    </p>
   </div>
   <div class='ocr_carea' id='block_1_5' title="bbox 164 1597 1555 1840">
    <p class='ocr_par' dir='ltr' id='par_1_5' title="bbox 164 1597 1555 1840">
     <span class='ocr_line' id='line_1_9' title="bbox 269 1597 1550 1716; baseline -0.011 -22"><span class='ocrx_word' id='word_1_48' title='bbox 269 1613 442 1694; x_wconf 83' lang='lat' dir='ltr'><strong>Aesclrin.</strong></span> <span class='ocrx_word' id='word_1_49' title='bbox 471 1616 518 1691; x_wconf 90' lang='lat' dir='ltr'><strong>de</strong></span> <span class='ocrx_word' id='word_1_50' title='bbox 544 1616 640 1692; x_wconf 88' lang='lat' dir='ltr'><strong>male</strong></span> <span class='ocrx_word' id='word_1_51' title='bbox 658 1629 766 1714; x_wconf 86' lang='lat' dir='ltr'><strong>gesta</strong></span> <span class='ocrx_word' id='word_1_52' title='bbox 783 1617 894 1714; x_wconf 85' lang='lat' dir='ltr'><strong>legat.</strong></span> <span class='ocrx_word' id='word_1_53' title='bbox 923 1613 957 1716; x_wconf 61' lang='grc' dir='ltr'><strong>ξ.</strong></span> <span class='ocrx_word' id='word_1_54' title='bbox 984 1617 1079 1693; x_wconf 78' lang='lat'>1⁴15:</span> <span class='ocrx_word' id='word_1_55' title='bbox 1112 1612 1200 1689; x_wconf 84' lang='grc' dir='ltr'><strong>Τῶν</strong></span> <span class='ocrx_word' id='word_1_56' title='bbox 1219 1607 1481 1705; x_wconf 77' lang='grc' dir='ltr'><em>συκοφαντῶν</em></span> <span class='ocrx_word' id='word_1_57' title='bbox 1499 1597 1550 1691; x_wconf 82' lang='grc' dir='ltr'><strong>ῶς</strong></span> 
     </span>
     <span class='ocr_line' id='line_1_10' title="bbox 164 1732 1555 1840; baseline 0.001 -31"><span class='ocrx_word' id='word_1_58' title='bbox 164 1733 401 1840; x_wconf 83' lang='grc' dir='ltr'><em>κακούργων</em></span> <span class='ocrx_word' id='word_1_59' title='bbox 420 1735 584 1837; x_wconf 75' lang='grc' dir='ltr'><em>δημοσίᾳ</em></span> <span class='ocrx_word' id='word_1_60' title='bbox 605 1734 797 1837; x_wconf 77' lang='grc' dir='ltr'><strong>προβολὰς</strong></span> <span class='ocrx_word' id='word_1_61' title='bbox 817 1732 1050 1836; x_wconf 78' lang='grc' dir='ltr'><em>ποιούμεθα.</em></span> <span class='ocrx_word' id='word_1_62' title='bbox 1089 1741 1167 1834; x_wconf 88' lang='lat' dir='ltr'><strong>(De</strong></span> <span class='ocrx_word' id='word_1_63' title='bbox 1195 1737 1555 1828; x_wconf 86' lang='lat' dir='ltr'><strong>calumniatoribus,</strong></span> 
     </span>
    </p>
   </div>
   <div class='ocr_carea' id='block_1_6' title="bbox 162 1864 1639 2478">
    <p class='ocr_par' dir='ltr' id='par_1_6' title="bbox 162 1864 1438 1968">
     <span class='ocr_line' id='line_1_11' title="bbox 162 1864 1438 1968; baseline -0.002 -27"><span class='ocrx_word' id='word_1_64' title='bbox 162 1875 340 1965; x_wconf 80' lang='lat' dir='ltr'><strong>tanquam</strong></span> <span class='ocrx_word' id='word_1_65' title='bbox 360 1865 556 1960; x_wconf 85' lang='lat' dir='ltr'><strong>maleficis,</strong></span> <span class='ocrx_word' id='word_1_66' title='bbox 586 1866 737 1966; x_wconf 85' lang='lat' dir='ltr'><strong>publica</strong></span> <span class='ocrx_word' id='word_1_67' title='bbox 754 1865 926 1966; x_wconf 76' lang='lat' dir='ltr'>querelas</span> <span class='ocrx_word' id='word_1_68' title='bbox 943 1864 1206 1960; x_wconf 68' lang='lat' dir='ltr'><strong>instituimus.)</strong></span> <span class='ocrx_word' id='word_1_69' title='bbox 1437 1965 1438 1968; x_wconf 8' lang='grc' dir='ltr'><strong>Ἴ</strong></span> 
     </span>
    </p>

    <p class='ocr_par' dir='ltr' id='par_1_7' title="bbox 163 1999 1639 2478">
     <span class='ocr_line' id='line_1_12' title="bbox 272 1999 1639 2110; baseline -0.004 -28"><span class='ocrx_word' id='word_1_70' title='bbox 272 2005 747 2110; x_wconf 66' lang='grc' dir='ltr'><em>Ιτατία.8εςιιατ.ρ.268τ</em></span> <span class='ocrx_word' id='word_1_71' title='bbox 779 1999 1551 2105; x_wconf 76' lang='grc' dir='ltr'><em>Καταχειροτσνία.·τδτδνδήμον</em></span> <span class='ocrx_word' id='word_1_72' title='bbox 1637 2072 1639 2076; x_wconf 75' lang='grc'><strong>,</strong></span> 
     </span>
     <span class='ocr_line' id='line_1_13' title="bbox 164 2123 1551 2235; baseline -0.004 -30"><span class='ocrx_word' id='word_1_73' title='bbox 164 2127 379 2205; x_wconf 75' lang='grc' dir='ltr'><em>ἐπινεῦσαι·</em></span> <span class='ocrx_word' id='word_1_74' title='bbox 409 2126 582 2228; x_wconf 78' lang='grc' dir='ltr'><em>προβολή</em></span> <span class='ocrx_word' id='word_1_75' title='bbox 601 2125 675 2233; x_wconf 84' lang='grc' dir='ltr'><strong>γάρ</strong></span> <span class='ocrx_word' id='word_1_76' title='bbox 693 2137 737 2208; x_wconf 75' lang='grc' dir='ltr'><strong>ἐν</strong></span> <span class='ocrx_word' id='word_1_77' title='bbox 755 2130 810 2230; x_wconf 77' lang='grc' dir='ltr'><em>τῶ</em></span> <span class='ocrx_word' id='word_1_78' title='bbox 830 2127 937 2230; x_wconf 84' lang='grc' dir='ltr'><em>δήμῳ</em></span> <span class='ocrx_word' id='word_1_79' title='bbox 955 2135 1106 2235; x_wconf 68' lang='grc' dir='ltr'><em>ἐγένετο</em></span> <span class='ocrx_word' id='word_1_80' title='bbox 1129 2125 1232 2206; x_wconf 86' lang='grc' dir='ltr'><strong>κατά</strong></span> <span class='ocrx_word' id='word_1_81' title='bbox 1251 2128 1331 2204; x_wconf 88' lang='grc' dir='ltr'><em>τῶν</em></span> <span class='ocrx_word' id='word_1_82' title='bbox 1348 2123 1551 2224; x_wconf 77' lang='grc' dir='ltr'><strong>ἀρχόντων</strong></span> 
     </span>
     <span class='ocr_line' id='line_1_14' title="bbox 163 2249 1550 2356; baseline -0.003 -30"><span class='ocrx_word' id='word_1_83' title='bbox 163 2258 233 2328; x_wconf 87' lang='grc' dir='ltr'><strong>καὶ</strong></span> <span class='ocrx_word' id='word_1_84' title='bbox 262 2254 480 2356; x_wconf 76' lang='grc' dir='ltr'><em>στρατηγῶν</em></span> <span class='ocrx_word' id='word_1_85' title='bbox 509 2259 578 2329; x_wconf 75' lang='grc' dir='ltr'><em>κατ’</em></span> <span class='ocrx_word' id='word_1_86' title='bbox 610 2253 875 2349; x_wconf 77' lang='grc' dir='ltr'><em>συκοφαντῶν</em></span> <span class='ocrx_word' id='word_1_87' title='bbox 902 2261 971 2329; x_wconf 87' lang='grc' dir='ltr'><strong>καὶ</strong></span> <span class='ocrx_word' id='word_1_88' title='bbox 1000 2253 1078 2331; x_wconf 89' lang='grc' dir='ltr'><em>τῶν</em></span> <span class='ocrx_word' id='word_1_89' title='bbox 1107 2260 1189 2353; x_wconf 80' lang='grc' dir='ltr'><em>περὶ</em></span> <span class='ocrx_word' id='word_1_90' title='bbox 1210 2249 1255 2328; x_wconf 74' lang='lat' dir='ltr'><strong>soi</strong></span> <span class='ocrx_word' id='word_1_91' title='bbox 1272 2250 1462 2351; x_wconf 80' lang='grc' dir='ltr'><em>μυστήρια</em></span> <span class='ocrx_word' id='word_1_92' title='bbox 1481 2254 1550 2323; x_wconf 85' lang='grc' dir='ltr'><strong>καὶ</strong></span> 
     </span>
     <span class='ocr_line' id='line_1_15' title="bbox 165 2367 1551 2478; baseline -0.005 -22"><span class='ocrx_word' id='word_1_93' title='bbox 165 2376 351 2456; x_wconf 78' lang='grc' dir='ltr'><em>Διονύσια</em></span> <span class='ocrx_word' id='word_1_94' title='bbox 371 2375 636 2456; x_wconf 86' lang='grc' dir='ltr'><em>ἀδικούντων·</em></span> <span class='ocrx_word' id='word_1_95' title='bbox 667 2384 735 2455; x_wconf 81' lang='grc' dir='ltr'><strong>καὶ</strong></span> <span class='ocrx_word' id='word_1_96' title='bbox 761 2372 801 2456; x_wconf 74' lang='lat' dir='ltr'><strong>el</strong></span> <span class='ocrx_word' id='word_1_97' title='bbox 822 2380 898 2477; x_wconf 76' lang='grc' dir='ltr'><strong>μὲν</strong></span> <span class='ocrx_word' id='word_1_98' title='bbox 920 2377 1299 2478; x_wconf 75' lang='grc' dir='ltr'><em>καταχειροτονήσιιέ</em></span> <span class='ocrx_word' id='word_1_99' title='bbox 1315 2407 1417 2463; x_wconf 80' lang='grc' dir='ltr'><em>τινος</em></span> <span class='ocrx_word' id='word_1_100' title='bbox 1437 2367 1459 2453; x_wconf 81' lang='grc' dir='ltr'><strong><em>ὅ</em></strong></span> <span class='ocrx_word' id='word_1_101' title='bbox 1481 2373 1551 2464; x_wconf 80' lang='grc' dir='ltr'><strong>δή·</strong></span> 
     </span>
    </p>
   </div>
   <div class='ocr_carea' id='block_1_7' title="bbox 161 2494 1551 2610">
    <p class='ocr_par' dir='ltr' id='par_1_8' title="bbox 161 2494 1551 2610">
     <span class='ocr_line' id='line_1_16' title="bbox 161 2494 1551 2610; baseline -0.002 -30"><span class='ocrx_word' id='word_1_102' title='bbox 161 2533 235 2601; x_wconf 86' lang='grc' dir='ltr'><strong>μσς</strong></span> <span class='ocrx_word' id='word_1_103' title='bbox 247 2561 256 2594; x_wconf 90' lang='grc'><strong>,</strong></span> <span class='ocrx_word' id='word_1_104' title='bbox 278 2494 392 2593; x_wconf 80' lang='grc' dir='ltr'><em>οὗτος</em></span> <span class='ocrx_word' id='word_1_105' title='bbox 412 2505 583 2610; x_wconf 77' lang='grc' dir='ltr'><em>εἰσήγετο</em></span> <span class='ocrx_word' id='word_1_106' title='bbox 602 2511 656 2593; x_wconf 80' lang='grc' dir='ltr'><strong>εἰς</strong></span> <span class='ocrx_word' id='word_1_107' title='bbox 674 2502 719 2583; x_wconf 80' lang='grc' dir='ltr'><em>τῶ</em></span> <span class='ocrx_word' id='word_1_108' title='bbox 740 2504 1009 2605; x_wconf 88' lang='grc' dir='ltr'><em>δικαστήριον·</em></span> <span class='ocrx_word' id='word_1_109' title='bbox 1038 2510 1075 2581; x_wconf 83' lang='grc' dir='ltr'><strong>αι’</strong></span> <span class='ocrx_word' id='word_1_110' title='bbox 1092 2504 1131 2582; x_wconf 79' lang='grc' dir='ltr'><strong>δὲ</strong></span> <span class='ocrx_word' id='word_1_111' title='bbox 1147 2502 1201 2602; x_wconf 86' lang='grc' dir='ltr'><strong>μή</strong></span> <span class='ocrx_word' id='word_1_112' title='bbox 1222 2498 1551 2604; x_wconf 74' lang='grc' dir='ltr'><em>καταχειροτονή-</em></span> 
     </span>
    </p>
   </div>
   <div class='ocr_carea' id='block_1_8' title="bbox 164 2627 1671 4129">
    <p class='ocr_par' dir='ltr' id='par_1_9' title="bbox 164 2627 1671 3237">
     <span class='ocr_line' id='line_1_17' title="bbox 165 2627 1551 2737; baseline -0.001 -31"><span class='ocrx_word' id='word_1_113' title='bbox 165 2657 284 2720; x_wconf 74' lang='lat' dir='ltr'><strong>ostar,</strong></span> <span class='ocrx_word' id='word_1_114' title='bbox 304 2627 384 2706; x_wconf 82' lang='grc' dir='ltr'><strong>οὐκ</strong></span> <span class='ocrx_word' id='word_1_115' title='bbox 402 2630 586 2737; x_wconf 73' lang='grc' dir='ltr'><em>εἰσήγετο.</em></span> <span class='ocrx_word' id='word_1_116' title='bbox 625 2636 979 2731; x_wconf 76' lang='grc' dir='ltr'><em>(Καταχειροτονία</em></span> <span class='ocrx_word' id='word_1_117' title='bbox 997 2647 1074 2730; x_wconf 89' lang='lat' dir='ltr'><strong>est,</strong></span> <span class='ocrx_word' id='word_1_118' title='bbox 1095 2660 1210 2735; x_wconf 90' lang='lat' dir='ltr'><strong>quum</strong></span> <span class='ocrx_word' id='word_1_119' title='bbox 1228 2633 1392 2735; x_wconf 91' lang='lat' dir='ltr'><strong>populus</strong></span> <span class='ocrx_word' id='word_1_120' title='bbox 1411 2630 1551 2708; x_wconf 81' lang='lat' dir='ltr'><strong>annuit.</strong></span> 
     </span>
     <span class='ocr_line' id='line_1_18' title="bbox 164 2740 1553 2862; baseline -0.002 -28"><span class='ocrx_word' id='word_1_121' title='bbox 164 2761 328 2854; x_wconf 78' lang='lat' dir='ltr'>Querela</span> <span class='ocrx_word' id='word_1_122' title='bbox 354 2762 463 2837; x_wconf 88' lang='lat' dir='ltr'><strong>enim-</strong></span> <span class='ocrx_word' id='word_1_123' title='bbox 481 2787 605 2838; x_wconf 88' lang='lat' dir='ltr'><strong>coram</strong></span> <span class='ocrx_word' id='word_1_124' title='bbox 633 2762 774 2862; x_wconf 91' lang='lat' dir='ltr'><strong>populo</strong></span> <span class='ocrx_word' id='word_1_125' title='bbox 802 2761 1065 2837; x_wconf 78' lang='lat' dir='ltr'><strong>instituebatur</strong></span> <span class='ocrx_word' id='word_1_126' title='bbox 1085 2740 1223 2836; x_wconf 49' lang='lat' dir='ltr'><strong>&#39;contra</strong></span> <span class='ocrx_word' id='word_1_127' title='bbox 1250 2759 1490 2858; x_wconf 77' lang='lat' dir='ltr'><strong>magistratus</strong></span> <span class='ocrx_word' id='word_1_128' title='bbox 1514 2765 1553 2831; x_wconf 88' lang='lat' dir='ltr'><strong>et</strong></span> 
     </span>
     <span class='ocr_line' id='line_1_19' title="bbox 164 2878 1550 2990; baseline -0.003 -29"><span class='ocrx_word' id='word_1_129' title='bbox 164 2884 253 2961; x_wconf 88' lang='lat' dir='ltr'><strong>belli</strong></span> <span class='ocrx_word' id='word_1_130' title='bbox 271 2884 383 2961; x_wconf 86' lang='lat' dir='ltr'><strong>duces</strong></span> <span class='ocrx_word' id='word_1_131' title='bbox 402 2895 442 2973; x_wconf 27' lang='lat' dir='ltr'><strong>et,</strong></span> <span class='ocrx_word' id='word_1_132' title='bbox 457 2885 708 2990; x_wconf 74' lang='lat' dir='ltr'><strong>sycophantas</strong></span> <span class='ocrx_word' id='word_1_133' title='bbox 727 2896 766 2962; x_wconf 86' lang='lat' dir='ltr'><strong>et</strong></span> <span class='ocrx_word' id='word_1_134' title='bbox 784 2896 916 2962; x_wconf 88' lang='lat' dir='ltr'><strong>contra</strong></span> <span class='ocrx_word' id='word_1_135' title='bbox 941 2886 1026 2963; x_wconf 89' lang='lat' dir='ltr'><strong>illos</strong></span> <span class='ocrx_word' id='word_1_136' title='bbox 1045 2878 1119 2984; x_wconf 69' lang='lat' dir='ltr'><strong>[qui</strong></span> <span class='ocrx_word' id='word_1_137' title='bbox 1137 2885 1179 2961; x_wconf 93' lang='lat' dir='ltr'><strong>in</strong></span> <span class='ocrx_word' id='word_1_138' title='bbox 1197 2885 1384 2985; x_wconf 80' lang='lat' dir='ltr'><strong>mysteriis</strong></span> <span class='ocrx_word' id='word_1_139' title='bbox 1403 2893 1441 2961; x_wconf 90' lang='lat' dir='ltr'><strong>et</strong></span> <span class='ocrx_word' id='word_1_140' title='bbox 1457 2882 1550 2957; x_wconf 89' lang='lat' dir='ltr'><strong>Bac·</strong></span> 
     </span>
     <span class='ocr_line' id='line_1_20' title="bbox 165 3007 1551 3112; baseline -0.003 -26"><span class='ocrx_word' id='word_1_141' title='bbox 165 3007 382 3089; x_wconf 87' lang='lat' dir='ltr'><strong>chanalibus</strong></span> <span class='ocrx_word' id='word_1_142' title='bbox 400 3010 644 3112; x_wconf 85' lang='lat' dir='ltr'><strong>deliquerunt</strong></span> <span class='ocrx_word' id='word_1_143' title='bbox 673 3011 769 3087; x_wconf 84' lang='lat' dir='ltr'><strong>Etsi</strong></span> <span class='ocrx_word' id='word_1_144' title='bbox 789 3009 949 3112; x_wconf 91' lang='lat' dir='ltr'><strong>populus</strong></span> <span class='ocrx_word' id='word_1_145' title='bbox 968 3036 1143 3088; x_wconf 85' lang='lat' dir='ltr'><strong>assensus</strong></span> <span class='ocrx_word' id='word_1_146' title='bbox 1162 3023 1263 3088; x_wconf 89' lang='lat' dir='ltr'><strong>esset</strong></span> <span class='ocrx_word' id='word_1_147' title='bbox 1279 3009 1472 3111; x_wconf 85' lang='lat' dir='ltr'><strong>querelae,</strong></span> <span class='ocrx_word' id='word_1_148' title='bbox 1491 3031 1551 3085; x_wconf 90' lang='lat' dir='ltr'><strong>ao·</strong></span> 
     </span>
     <span class='ocr_line' id='line_1_21' title="bbox 164 3111 1671 3237; baseline -0.002 -25"><span class='ocrx_word' id='word_1_149' title='bbox 164 3150 313 3212; x_wconf 84' lang='lat' dir='ltr'><strong>casatus</strong></span> <span class='ocrx_word' id='word_1_150' title='bbox 325 3135 468 3237; x_wconf 91' lang='lat' dir='ltr'><strong>judicio</strong></span> <span class='ocrx_word' id='word_1_151' title='bbox 488 3136 708 3232; x_wconf 78' lang='lat' dir='ltr'><strong>sistebatur,</strong></span> <span class='ocrx_word' id='word_1_152' title='bbox 730 3182 779 3194; x_wconf 91' lang='lat'><strong>—-</strong></span> <span class='ocrx_word' id='word_1_153' title='bbox 799 3135 906 3212; x_wconf 88' lang='lat' dir='ltr'><strong>aliter</strong></span> <span class='ocrx_word' id='word_1_154' title='bbox 926 3161 1014 3212; x_wconf 86' lang='lat' dir='ltr'><strong>vero</strong></span> <span class='ocrx_word' id='word_1_155' title='bbox 1033 3139 1145 3232; x_wconf 91' lang='lat' dir='ltr'><strong>non.)</strong></span> <span class='ocrx_word' id='word_1_156' title='bbox 1666 3111 1671 3120; x_wconf 38' lang='lat'>¹</span> 
     </span>
    </p>

    <p class='ocr_par' dir='ltr' id='par_1_10' title="bbox 164 3267 1555 3982">
     <span class='ocr_line' id='line_1_22' title="bbox 274 3267 1551 3379; baseline -0.004 -25"><span class='ocrx_word' id='word_1_157' title='bbox 274 3277 371 3356; x_wconf 84' lang='lat' dir='ltr'><strong>Male</strong></span> <span class='ocrx_word' id='word_1_158' title='bbox 392 3279 508 3379; x_wconf 87' lang='lat' dir='ltr'><strong>igitur</strong></span> <span class='ocrx_word' id='word_1_159' title='bbox 526 3279 662 3356; x_wconf 83' lang='lat' dir='ltr'>Pollux</span> <span class='ocrx_word' id='word_1_160' title='bbox 689 3277 818 3373; x_wconf 87' lang='lat' dir='ltr'><strong>(VIII,</strong></span> <span class='ocrx_word' id='word_1_161' title='bbox 844 3279 935 3371; x_wconf 80' lang='lat'>46):</span> <span class='ocrx_word' id='word_1_162' title='bbox 964 3272 1137 3374; x_wconf 79' lang='grc' dir='ltr'><em>προβολή</em></span> <span class='ocrx_word' id='word_1_163' title='bbox 1159 3267 1179 3366; x_wconf 87' lang='grc' dir='ltr'><em>ή</em></span> <span class='ocrx_word' id='word_1_164' title='bbox 1199 3275 1333 3365; x_wconf 78' lang='grc' dir='ltr'><em>κλῆσις</em></span> <span class='ocrx_word' id='word_1_165' title='bbox 1352 3276 1405 3359; x_wconf 75' lang='grc' dir='ltr'><strong>εἰς</strong></span> <span class='ocrx_word' id='word_1_166' title='bbox 1425 3269 1551 3361; x_wconf 78' lang='grc' dir='ltr'><em>δίκην.</em></span> 
     </span>
     <span class='ocr_line' id='line_1_23' title="bbox 166 3397 1553 3504; baseline -0.004 -23"><span class='ocrx_word' id='word_1_167' title='bbox 166 3406 283 3496; x_wconf 89' lang='lat' dir='ltr'><strong>Nam,</strong></span> <span class='ocrx_word' id='word_1_168' title='bbox 313 3404 376 3504; x_wconf 87' lang='lat' dir='ltr'><strong>qui</strong></span> <span class='ocrx_word' id='word_1_169' title='bbox 396 3397 594 3499; x_wconf 79' lang='grc' dir='ltr'><em>προβολήν</em></span> <span class='ocrx_word' id='word_1_170' title='bbox 612 3404 792 3496; x_wconf 88' lang='lat' dir='ltr'><strong>instituit,</strong></span> <span class='ocrx_word' id='word_1_171' title='bbox 821 3430 898 3479; x_wconf 92' lang='lat' dir='ltr'><strong>non</strong></span> <span class='ocrx_word' id='word_1_172' title='bbox 926 3403 963 3478; x_wconf 97' lang='lat' dir='ltr'><strong>id</strong></span> <span class='ocrx_word' id='word_1_173' title='bbox 984 3403 1146 3502; x_wconf 86' lang='lat' dir='ltr'><strong>quaerit,</strong></span> <span class='ocrx_word' id='word_1_174' title='bbox 1172 3415 1213 3479; x_wconf 91' lang='lat' dir='ltr'><strong>ut</strong></span> <span class='ocrx_word' id='word_1_175' title='bbox 1236 3402 1406 3503; x_wconf 91' lang='lat' dir='ltr'><strong>judicum</strong></span> <span class='ocrx_word' id='word_1_176' title='bbox 1426 3411 1553 3501; x_wconf 84' lang='lat' dir='ltr'><strong>partes</strong></span> 
     </span>
     <span class='ocr_line' id='line_1_24' title="bbox 165 3524 1554 3630; baseline -0.004 -27"><span class='ocrx_word' id='word_1_177' title='bbox 165 3529 324 3630; x_wconf 92' lang='lat' dir='ltr'><strong>populus</strong></span> <span class='ocrx_word' id='word_1_178' title='bbox 343 3528 423 3628; x_wconf 86' lang='lat' dir='ltr'><strong>ipsc</strong></span> <span class='ocrx_word' id='word_1_179' title='bbox 442 3528 639 3629; x_wconf 89' lang='lat' dir='ltr'><strong>suscipiat,</strong></span> <span class='ocrx_word' id='word_1_180' title='bbox 667 3527 733 3605; x_wconf 89' lang='lat' dir='ltr'><strong>sed</strong></span> <span class='ocrx_word' id='word_1_181' title='bbox 760 3529 831 3604; x_wconf 92' lang='lat' dir='ltr'><strong>hoc</strong></span> <span class='ocrx_word' id='word_1_182' title='bbox 860 3539 1025 3618; x_wconf 88' lang='lat' dir='ltr'><strong>tantum,</strong></span> <span class='ocrx_word' id='word_1_183' title='bbox 1055 3539 1097 3602; x_wconf 91' lang='lat' dir='ltr'><strong>ut</strong></span> <span class='ocrx_word' id='word_1_184' title='bbox 1124 3528 1254 3628; x_wconf 88' lang='lat' dir='ltr'><strong>populi</strong></span> <span class='ocrx_word' id='word_1_185' title='bbox 1283 3524 1554 3628; x_wconf 85' lang='lat' dir='ltr'><strong>praejudicium</strong></span> 
     </span>
     <span class='ocr_line' id='line_1_25' title="bbox 165 3649 1555 3754; baseline -0.004 -25"><span class='ocrx_word' id='word_1_186' title='bbox 165 3654 210 3729; x_wconf 87' lang='lat' dir='ltr'><strong>ds</strong></span> <span class='ocrx_word' id='word_1_187' title='bbox 230 3680 293 3729; x_wconf 84' lang='lat' dir='ltr'><strong>reo</strong></span> <span class='ocrx_word' id='word_1_188' title='bbox 314 3654 396 3746; x_wconf 91' lang='lat' dir='ltr'><strong>fiat,</strong></span> <span class='ocrx_word' id='word_1_189' title='bbox 418 3652 740 3754; x_wconf 69' lang='lat' dir='ltr'><strong>qu0*praejudicio</strong></span> <span class='ocrx_word' id='word_1_190' title='bbox 761 3654 866 3754; x_wconf 90' lang='lat' dir='ltr'><strong>quasi</strong></span> <span class='ocrx_word' id='word_1_191' title='bbox 885 3653 1048 3729; x_wconf 91' lang='lat' dir='ltr'><strong>munitus</strong></span> <span class='ocrx_word' id='word_1_192' title='bbox 1067 3653 1171 3752; x_wconf 89' lang='lat' dir='ltr'><strong>ipsae</strong></span> <span class='ocrx_word' id='word_1_193' title='bbox 1192 3678 1326 3728; x_wconf 87' lang='lat' dir='ltr'><strong>causae</strong></span> <span class='ocrx_word' id='word_1_194' title='bbox 1347 3678 1435 3728; x_wconf 90' lang='lat' dir='ltr'><strong>suae</strong></span> <span class='ocrx_word' id='word_1_195' title='bbox 1455 3649 1555 3751; x_wconf 89' lang='lat' dir='ltr'><strong>apud</strong></span> 
     </span>
     <span class='ocr_line' id='line_1_26' title="bbox 164 3774 1554 3880; baseline -0.002 -26"><span class='ocrx_word' id='word_1_196' title='bbox 164 3789 418 3880; x_wconf 77' lang='lat' dir='ltr'><strong>competentes</strong></span> <span class='ocrx_word' id='word_1_197' title='bbox 444 3777 591 3878; x_wconf 88' lang='lat' dir='ltr'><strong>judices</strong></span> <span class='ocrx_word' id='word_1_198' title='bbox 620 3780 788 3877; x_wconf 84' lang='lat' dir='ltr'><strong>agendae</strong></span> <span class='ocrx_word' id='word_1_199' title='bbox 817 3777 995 3878; x_wconf 88' lang='lat' dir='ltr'><strong>majorem</strong></span> <span class='ocrx_word' id='word_1_200' title='bbox 1015 3789 1053 3853; x_wconf 88' lang='lat' dir='ltr'><strong>et</strong></span> <span class='ocrx_word' id='word_1_201' title='bbox 1071 3777 1259 3880; x_wconf 89' lang='lat' dir='ltr'><strong>publicam</strong></span> <span class='ocrx_word' id='word_1_202' title='bbox 1280 3774 1554 3877; x_wconf 90' lang='lat' dir='ltr'><strong>quodammodo</strong></span> 
     </span>
     <span class='ocr_line' id='line_1_27' title="bbox 166 3903 626 3982; baseline -0.002 0"><span class='ocrx_word' id='word_1_203' title='bbox 166 3903 424 3982; x_wconf 83' lang='lat' dir='ltr'><strong>auctoritatem</strong></span> <span class='ocrx_word' id='word_1_204' title='bbox 444 3904 626 3981; x_wconf 87' lang='lat' dir='ltr'><strong>conciliet.</strong></span> 
     </span>
    </p>

    <p class='ocr_par' dir='ltr' id='par_1_11' title="bbox 274 4011 1555 4129">
     <span class='ocr_line' id='line_1_28' title="bbox 274 4011 1555 4129; baseline -0.003 -23"><span class='ocrx_word' id='word_1_205' title='bbox 274 4028 331 4106; x_wconf 78' lang='lat' dir='ltr'><strong>Of.</strong></span> <span class='ocrx_word' id='word_1_206' title='bbox 352 4011 650 4107; x_wconf 77' lang='lat' dir='ltr'><strong>Sclrbmann:</strong></span> <span class='ocrx_word' id='word_1_207' title='bbox 676 4033 743 4106; x_wconf 90' lang='lat' dir='ltr'><strong>De</strong></span> <span class='ocrx_word' id='word_1_208' title='bbox 763 4031 985 4108; x_wconf 88' lang='lat' dir='ltr'><strong>comitiis</strong></span> <span class='ocrx_word' id='word_1_209' title='bbox 1004 4029 1389 4110; x_wconf 77' lang='lat' dir='ltr'><strong>Atheniensium</strong></span> <span class='ocrx_word' id='word_1_210' title='bbox 1409 4054 1445 4129; x_wconf 86' lang='lat' dir='ltr'><strong>p.</strong></span> <span class='ocrx_word' id='word_1_211' title='bbox 1465 4023 1555 4102; x_wconf 79' lang='lat'><strong>227.</strong></span> 
     </span>
    </p>
   </div>
   <div class='ocr_carea' id='block_1_9' title="bbox 164 4166 1558 5284">
    <p class='ocr_par' dir='ltr' id='par_1_12' title="bbox 164 4166 1558 5284">
     <span class='ocr_line' id='line_1_29' title="bbox 272 4166 1556 4273; baseline -0.005 -24"><span class='ocrx_word' id='word_1_212' title='bbox 272 4170 330 4249; x_wconf 82' lang='lat' dir='ltr'><strong>Ad</strong></span> <span class='ocrx_word' id='word_1_213' title='bbox 359 4171 627 4250; x_wconf 88' lang='lat' dir='ltr'><strong>instituendam</strong></span> <span class='ocrx_word' id='word_1_214' title='bbox 654 4173 767 4272; x_wconf 84' lang='lat' dir='ltr'><strong>igitur·</strong></span> <span class='ocrx_word' id='word_1_215' title='bbox 796 4167 996 4270; x_wconf 73' lang='grc' dir='ltr'><em>προβολήν</em></span> <span class='ocrx_word' id='word_1_216' title='bbox 1024 4168 1171 4273; x_wconf 84' lang='lat' dir='ltr'><strong>legibus</strong></span> <span class='ocrx_word' id='word_1_217' title='bbox 1189 4166 1310 4248; x_wconf 62' lang='lat' dir='ltr'><strong>&#39;nemo</strong></span> <span class='ocrx_word' id='word_1_218' title='bbox 1339 4171 1556 4260; x_wconf 77' lang='lat' dir='ltr'><strong>tenebatur3</strong></span> 
     </span>
     <span class='ocr_line' id='line_1_30' title="bbox 164 4291 1558 4399; baseline -0.002 -26"><span class='ocrx_word' id='word_1_219' title='bbox 164 4297 229 4373; x_wconf 89' lang='lat' dir='ltr'><strong>sed</strong></span> <span class='ocrx_word' id='word_1_220' title='bbox 250 4291 406 4396; x_wconf 83' lang='lat' dir='ltr'><strong>quilibet</strong></span> <span class='ocrx_word' id='word_1_221' title='bbox 425 4297 559 4373; x_wconf 84' lang='lat' dir='ltr'><strong>civium</strong></span> <span class='ocrx_word' id='word_1_222' title='bbox 579 4309 727 4399; x_wconf 90' lang='lat' dir='ltr'><strong>poterat</strong></span> <span class='ocrx_word' id='word_1_223' title='bbox 755 4310 885 4374; x_wconf 90' lang='lat' dir='ltr'><strong>contra</strong></span> <span class='ocrx_word' id='word_1_224' title='bbox 911 4326 1013 4376; x_wconf 84' lang='lat' dir='ltr'><strong>reum</strong></span> <span class='ocrx_word' id='word_1_225' title='bbox 1038 4299 1165 4376; x_wconf 85' lang='lat' dir='ltr'><strong>statim</strong></span> <span class='ocrx_word' id='word_1_226' title='bbox 1183 4297 1369 4374; x_wconf 89' lang='lat' dir='ltr'><strong>ordinario</strong></span> <span class='ocrx_word' id='word_1_227' title='bbox 1388 4296 1441 4372; x_wconf 87' lang='lat' dir='ltr'><strong>uti</strong></span> <span class='ocrx_word' id='word_1_228' title='bbox 1461 4297 1558 4370; x_wconf 83' lang='lat' dir='ltr'><strong>loro·</strong></span> 
     </span>
     <span class='ocr_line' id='line_1_31' title="bbox 164 4418 1556 4526; baseline -0.005 -24"><span class='ocrx_word' id='word_1_229' title='bbox 164 4418 246 4502; x_wconf 86' lang='lat' dir='ltr'><strong>Hoc</strong></span> <span class='ocrx_word' id='word_1_230' title='bbox 276 4425 501 4501; x_wconf 87' lang='lat' dir='ltr'><strong>lucidissime</strong></span> <span class='ocrx_word' id='word_1_231' title='bbox 532 4433 635 4524; x_wconf 89' lang='lat' dir='ltr'><strong>patet</strong></span> <span class='ocrx_word' id='word_1_232' title='bbox 654 4448 699 4500; x_wconf 85' lang='lat' dir='ltr'><strong>ox</strong></span> <span class='ocrx_word' id='word_1_233' title='bbox 718 4425 892 4503; x_wconf 86' lang='lat' dir='ltr'><strong>Isocratis</strong></span> <span class='ocrx_word' id='word_1_234' title='bbox 921 4425 1046 4501; x_wconf 83' lang='lat' dir='ltr'><strong>verbis</strong></span> <span class='ocrx_word' id='word_1_235' title='bbox 1077 4423 1153 4518; x_wconf 84' lang='lat' dir='ltr'><strong>(dc</strong></span> <span class='ocrx_word' id='word_1_236' title='bbox 1182 4422 1556 4526; x_wconf 89' lang='lat' dir='ltr'><strong>permutatione</strong></span> 
     </span>
     <span class='ocr_line' id='line_1_32' title="bbox 164 4542 1555 4650; baseline -0.005 -26"><span class='ocrx_word' id='word_1_237' title='bbox 164 4546 198 4650; x_wconf 61' lang='grc' dir='ltr'><strong>ξ.</strong></span> <span class='ocrx_word' id='word_1_238' title='bbox 219 4549 337 4643; x_wconf 77' lang='grc'>314);</span> <span class='ocrx_word' id='word_1_239' title='bbox 366 4543 469 4621; x_wconf 88' lang='grc' dir='ltr'><strong>κατά</strong></span> <span class='ocrx_word' id='word_1_240' title='bbox 489 4545 568 4620; x_wconf 88' lang='grc' dir='ltr'><em>τῶν</em></span> <span class='ocrx_word' id='word_1_241' title='bbox 587 4546 850 4642; x_wconf 81' lang='grc' dir='ltr'><em>συκοφαντῶν</em></span> <span class='ocrx_word' id='word_1_242' title='bbox 868 4543 1019 4650; x_wconf 76' lang='grc' dir='ltr'><em>γραφὰς</em></span> <span class='ocrx_word' id='word_1_243' title='bbox 1039 4549 1115 4644; x_wconf 73' lang='grc' dir='ltr'><strong>μὲν</strong></span> <span class='ocrx_word' id='word_1_244' title='bbox 1134 4542 1227 4645; x_wconf 81' lang='grc' dir='ltr'><em>πρὸς</em></span> <span class='ocrx_word' id='word_1_245' title='bbox 1246 4542 1337 4633; x_wconf 84' lang='grc' dir='ltr'><strong>τούς</strong></span> <span class='ocrx_word' id='word_1_246' title='bbox 1360 4548 1555 4641; x_wconf 72' lang='grc' dir='ltr'><em>θεσμοθέ-</em></span> 
     </span>
     <span class='ocr_line' id='line_1_33' title="bbox 164 4666 1555 4776; baseline -0.004 -30"><span class='ocrx_word' id='word_1_247' title='bbox 164 4700 253 4763; x_wconf 76' lang='grc' dir='ltr'><em>τας,</em></span> <span class='ocrx_word' id='word_1_248' title='bbox 281 4676 522 4776; x_wconf 71' lang='grc' dir='ltr'><em>εἰσαγγελίας</em></span> <span class='ocrx_word' id='word_1_249' title='bbox 552 4671 589 4747; x_wconf 86' lang='grc' dir='ltr'><strong>δ’</strong></span> <span class='ocrx_word' id='word_1_250' title='bbox 616 4676 669 4760; x_wconf 77' lang='grc' dir='ltr'><strong>εἰς</strong></span> <span class='ocrx_word' id='word_1_251' title='bbox 696 4668 768 4763; x_wconf 84' lang='grc' dir='ltr'><em>τήν</em></span> <span class='ocrx_word' id='word_1_252' title='bbox 794 4668 966 4772; x_wconf 77' lang='grc' dir='ltr'><em>βουλήν,</em></span> <span class='ocrx_word' id='word_1_253' title='bbox 997 4668 1191 4771; x_wconf 74' lang='grc' dir='ltr'><strong>προβολὰς</strong></span> <span class='ocrx_word' id='word_1_254' title='bbox 1219 4670 1253 4746; x_wconf 85' lang='grc' dir='ltr'><strong>δ’</strong></span> <span class='ocrx_word' id='word_1_255' title='bbox 1282 4678 1325 4747; x_wconf 72' lang='grc' dir='ltr'><strong>ἐν</strong></span> <span class='ocrx_word' id='word_1_256' title='bbox 1352 4669 1407 4771; x_wconf 74' lang='grc' dir='ltr'><em>τῷ</em></span> <span class='ocrx_word' id='word_1_257' title='bbox 1437 4666 1555 4766; x_wconf 82' lang='grc' dir='ltr'><em>δήμῳ.</em></span> 
     </span>
     <span class='ocr_line' id='line_1_34' title="bbox 165 4799 1556 4901; baseline -0.004 -26"><span class='ocrx_word' id='word_1_258' title='bbox 165 4802 238 4895; x_wconf 82' lang='lat' dir='ltr'><strong>Qui</strong></span> <span class='ocrx_word' id='word_1_259' title='bbox 259 4826 351 4898; x_wconf 77' lang='lat' dir='ltr'><strong>ergo</strong></span> <span class='ocrx_word' id='word_1_260' title='bbox 369 4813 514 4876; x_wconf 66' lang='lat' dir='ltr'><strong>censum</strong></span> <span class='ocrx_word' id='word_1_261' title='bbox 544 4800 698 4876; x_wconf 87' lang='lat' dir='ltr'><strong>tenebat</strong></span> <span class='ocrx_word' id='word_1_262' title='bbox 726 4825 766 4879; x_wconf 89' lang='lat' dir='ltr'><strong>se</strong></span> <span class='ocrx_word' id='word_1_263' title='bbox 792 4802 830 4875; x_wconf 91' lang='lat' dir='ltr'><strong>in</strong></span> <span class='ocrx_word' id='word_1_264' title='bbox 854 4799 996 4901; x_wconf 91' lang='lat' dir='ltr'><strong>judicio</strong></span> <span class='ocrx_word' id='word_1_265' title='bbox 1016 4800 1246 4900; x_wconf 80' lang='lat' dir='ltr'><strong>superiorem</strong></span> <span class='ocrx_word' id='word_1_266' title='bbox 1266 4801 1366 4890; x_wconf 87' lang='lat' dir='ltr'><strong>fore,</strong></span> <span class='ocrx_word' id='word_1_267' title='bbox 1395 4799 1556 4873; x_wconf 84' lang='lat' dir='ltr'><strong>thesmo-</strong></span> 
     </span>
     <span class='ocr_line' id='line_1_35' title="bbox 165 4923 1557 5036; baseline -0.002 -36"><span class='ocrx_word' id='word_1_268' title='bbox 165 4925 277 5000; x_wconf 88' lang='lat' dir='ltr'><strong>thotis</strong></span> <span class='ocrx_word' id='word_1_269' title='bbox 296 4925 447 5001; x_wconf 87' lang='lat' dir='ltr'><strong>tradidit</strong></span> <span class='ocrx_word' id='word_1_270' title='bbox 464 4923 638 5028; x_wconf 36' lang='lat' dir='ltr'><strong>,libellum</strong></span> <span class='ocrx_word' id='word_1_271' title='bbox 667 4927 959 5025; x_wconf 86' lang='lat' dir='ltr'><strong>accusatorium,</strong></span> <span class='ocrx_word' id='word_1_272' title='bbox 988 4925 1025 5001; x_wconf 94' lang='lat' dir='ltr'><strong>id</strong></span> <span class='ocrx_word' id='word_1_273' title='bbox 1045 4937 1102 5002; x_wconf 92' lang='lat' dir='ltr'><strong>est</strong></span> <span class='ocrx_word' id='word_1_274' title='bbox 1120 4926 1346 5002; x_wconf 85' lang='lat' dir='ltr'><strong>ordinariam</strong></span> <span class='ocrx_word' id='word_1_275' title='bbox 1361 4925 1440 5036; x_wconf 72' lang='lat' dir='ltr'><strong>litis</strong></span> <span class='ocrx_word' id='word_1_276' title='bbox 1459 4925 1557 4996; x_wconf 87' lang='lat' dir='ltr'><strong>viam</strong></span> 
     </span>
     <span class='ocr_line' id='line_1_36' title="bbox 166 5030 1555 5153; baseline -0.004 -26"><span class='ocrx_word' id='word_1_277' title='bbox 166 5052 281 5148; x_wconf 79' lang='lat' dir='ltr'><strong>elegit</strong></span> <span class='ocrx_word' id='word_1_278' title='bbox 300 5062 431 5127; x_wconf 88' lang='lat' dir='ltr'><strong>contra</strong></span> <span class='ocrx_word' id='word_1_279' title='bbox 449 5053 710 5153; x_wconf 88' lang='lat' dir='ltr'><strong>sycophantas.</strong></span> <span class='ocrx_word' id='word_1_280' title='bbox 749 5030 801 5129; x_wconf 25' lang='lat' dir='ltr'><strong>Si*</strong></span> <span class='ocrx_word' id='word_1_281' title='bbox 817 5063 942 5129; x_wconf 73' lang='lat' dir='ltr'><strong>mrtem</strong></span> <span class='ocrx_word' id='word_1_282' title='bbox 972 5050 1018 5128; x_wconf 88' lang='lat' dir='ltr'><strong>de</strong></span> <span class='ocrx_word' id='word_1_283' title='bbox 1042 5049 1289 5152; x_wconf 86' lang='lat' dir='ltr'><strong>sycophantia</strong></span> <span class='ocrx_word' id='word_1_284' title='bbox 1307 5051 1345 5124; x_wconf 92' lang='lat' dir='ltr'><strong>in</strong></span> <span class='ocrx_word' id='word_1_285' title='bbox 1365 5046 1555 5150; x_wconf 85' lang='lat' dir='ltr'><strong>peculiari·</strong></span> 
     </span>
     <span class='ocr_line' id='line_1_37' title="bbox 168 5173 1556 5284; baseline -0.001 -30"><span class='ocrx_word' id='word_1_286' title='bbox 168 5177 239 5254; x_wconf 89' lang='lat' dir='ltr'><strong>bus</strong></span> <span class='ocrx_word' id='word_1_287' title='bbox 259 5203 382 5255; x_wconf 90' lang='lat' dir='ltr'><strong>rerum</strong></span> <span class='ocrx_word' id='word_1_288' title='bbox 401 5177 588 5282; x_wconf 85' lang='lat' dir='ltr'><strong>adjunctis</strong></span> <span class='ocrx_word' id='word_1_289' title='bbox 608 5180 808 5261; x_wconf 87' lang='lat' dir='ltr'><strong>commissa</strong></span> <span class='ocrx_word' id='word_1_290' title='bbox 825 5178 1030 5284; x_wconf 82' lang='lat' dir='ltr'><strong>agebatur,</strong></span> <span class='ocrx_word' id='word_1_291' title='bbox 1059 5189 1162 5258; x_wconf 82' lang='lat' dir='ltr'><strong>actor</strong></span> <span class='ocrx_word' id='word_1_292' title='bbox 1184 5174 1464 5281; x_wconf 82' lang='lat' dir='ltr'><strong>compendiaria</strong></span> <span class='ocrx_word' id='word_1_293' title='bbox 1482 5173 1556 5253; x_wconf 89' lang='lat' dir='ltr'><strong>litis</strong></span> 
     </span>
    </p>
   </div>
   <div class='ocr_carea' id='block_1_10' title="bbox 0 0 1728 5790">
    <p class='ocr_par' dir='ltr' id='par_1_13' title="bbox 0 0 1728 5790">
     <span class='ocr_line' id='line_1_38' title="bbox 0 0 1728 5790; baseline 0 0"><span class='ocrx_word' id='word_1_294' title='bbox 0 0 1728 5790; x_wconf 95' lang='lat' dir='ltr'><strong> </strong></span> 
     </span>
    </p>
   </div>
  </div>
 </body>
</html>
