3404 5782
151 392 230 474 288
697 420 758 471 sus
776 410 989 470 rnanrc'um.

151 614 211 690 vcl
230 638 362 689 manus
387 613 447 689 vel
476 612 611 718 pedes,
640 611 702 688 ille
731 635 778 686 ex
806 604 954 708 legibus
973 608 1247 711 Areopagiticis
1275 607 1358 715 ejus
1387 606 1543 683 civitate

150 739 294 833 exulet,
324 760 434 839 quem
454 737 622 833 laeserit,
653 747 691 813 et
708 735 739 811 si
759 734 852 811 sorte
872 731 1041 829 redierit,
1062 733 1207 812 delatus
1227 732 1275 811 ad
1294 733 1541 833 magistratus

150 877 268 942 morte
284 861 535 942 mulctabitur.

789 967 902 1073 1143,

230 1110 349 1207 ΙἛάν
385 1119 454 1193 ἕνα
489 1108 706 1212 ὀφθαλμόν
743 1113 902 1208 ἐζγοντος
937 1107 1096 1213 dandum
1132 1139 1214 1200 τις,
1252 1103 1540 1187 ἀντεκκόπτειν

150 1236 240 1329 τούς
259 1236 342 1319 δύο.
566 1242 666 1336 (Lex
686 1240 831 1323 Solonis
851 1242 954 1365 apud
973 1240 1132 1340 Diogen.
1152 1240 1274 1316 Latrt.
1294 1239 1324 1332 Ι,
1346 1235 1433 1331 57.)

784 1370 899 1479 1111

256 1548 330 1643 Qui
367 1547 475 1629 alteri
510 1572 627 1627 snum
664 1545 814 1715 seudum
852 1544 1007 1650 habenti
1047 1571 1133 1626 eum
1163 1543 1323 1640 eruerit,
1360 1543 1397 1623 ei
1426 1541 1544 1631 ambo

150 1684 337 1752 eruantur
455 1722 458 1729 .

788 1778 998 1866 1144..

259 1918 360 2010 Τοάς
379 1917 457 1996 δ”
434 1927 744 2024 απογενομένους
763 1926 806 1995 ἐν
823 1929 903 2011 τοῖς
922 1916 1077 2017 δόμοις,
1108 1910 1176 2006 oric
1204 1911 1256 1994 ἀν
1266 1911 1446 2066 μηδείς’
1423 1945 1535 1994 αναι-

149 2045 280 2145 ρῆται,
319 2036 599 2200 ἐπαγγελέτωι
579 2076 601 2122 ο
630 2041 821 2147 δήμαρχος
849 2055 928 2135 τοῖς
958 2043 1217 2193 προσήκουσιν
1233 2039 1431 2192 ἀναιρεῖν
1467 2047 1535 2120 καὶ

151 2169 317 2250 θάπτειν
346 2177 414 2248 καὶ
443 2173 654 2271 καθαίρειν
681 2167 751 2248 τόν
779 2168 926 2272 δῆμον,
955 2168 1001 2272 τῇ
1031 2164 1146 2275 ἦμέρφ
1175 2158 1201 2272 ᾗ
1226 2163 1278 2246 ἀν
1301 2164 1536 2276 ἀπογένηται

148 2303 307 2389 ἕκαστος
326 2295 466 2379 αὐτων.
499 2293 774 2405 Ἐπαγγέλλιιν
801 2294 840 2375 δὲ
861 2303 942 2445 περι
957 2301 1034 2400 μὲν
1052 2295 1130 2375 τῶν
1149 2292 1301 2373 δούλων
1320 2325 1376 2443 τερ
1357 2289 1535 2373 δεσπό-

148 2452 216 2522 τῃ,
245 2430 326 2525 περὶ
357 2423 396 2501 δὲ
426 2424 506 2503 τῶν
533 2429 745 2524 ἐλευθέρων
773 2434 851 2512 τοῖς
879 2420 925 2499 τά
941 2420 1107 2523 χρήματ’
1126 2425 1303 2523 ἔχουσιν
1333 2416 1407 2498 εάν
1427 2404 1532 2548 jrle'
1480 2452 1537 2547 μη

146 2544 365 2651 ᾖχρῆματα
392 2581 448 2652 τῳ
478 2547 748 2639 ἀποθανόντι,
768 2560 848 2641 τοῖς
883 2545 1118 2648 προσήκουσι
1147 2547 1219 2625 τοῦ
1256 2522 1537 2635 ἀποθανόντος

148 2681 413 2780 ἐπαγγέλλειν
442 2672 513 2754 ε’·ἀν
531 2674 569 2751 δι’
589 2703 660 2753 του
645 2671 880 2775 διριόρχου
908 2679 1205 2782 ἐπαγγείλαντος
1219 2669 1276 2774 μὴ
1296 2669 1535 2774 ἀναιρρῖνται

149 2804 186 2876 ol
206 2799 484 2900 spondaeumve,
513 2793 626 2900 ὁμὲν
645 2797 839 2900 δι’μορχος
867 2798 1179 2902 ἀπομισθωσάτω
1198 2793 1351 2879 ἀνελεῖν
1367 2803 1442 2879 καὶ
1460 2827 1537 2876 een-

149 2924 418 3030 τοθάφοιιῑιιαὶ
434 2927 611 3028 καθᾶραι
629 2924 701 3006 τόν
728 2926 856 3027 δῆμον
881 2925 1121 3028 αὐθημερόν,
1149 2918 1250 3016 ὅπως
1269 2919 1322 3002 ἀν
1341 2922 1537 3004 δύνωνται

150 3047 370 3158 ὀλιγίστου·
399 3051 469 3132 ἐάν
487 3053 525 3132 δὲ
539 3052 594 3153 μή
616 3049 895 3153 ἀπομισθώσῃ,
925 3051 1109 3151 ὀφειλέτω
1133 3056 1265 3150 χιλίας
1283 3049 1465 3151 δραχμάς
1482 3051 1536 3154 τῷ

150 3176 337 3278 δημοσίῳ·
368 3175 392 3254 ό
419 3210 454 3255 τι
485 3178 519 3255 δ’
538 3174 591 3257 ἀν
616 3177 817 3279 ἀναλώσῃ,
847 3177 1050 3258 διπλάσιον
1078 3176 1287 3280 πραξάσθω
1321 3176 1428 3277 παρά
1460 3177 1537 3255 τῶν

149 3297 405 3399 ὀφειλόντων·
435 3298 506 3383 ἐόν
525 3300 564 3382 δὲ
579 3304 634 3407 μὴ
656 3305 802 3410 πράξῃ,
832 3304 950 3396 αὐτός
968 3303 1150 3405 ὀφειλέτω
1168 3312 1247 3392 τοῖς
1266 3298 1462 3401 δημόταις.

776 3436 990 3532 (Demosth.
1008 3437 1093 3514 adv.
1112 3432 1264 3514 Manus
1288 3428 1430 3527 tota.)

780 3594 895 3676 1144.

256 3736 488 3841 interfectos
512 3752 637 3819 autem
665 3739 705 3817 in
728 3739 866 3837 demis,
894 3766 988 3843 quos
1007 3765 1119 3819 nemo
1137 3734 1349 3834 sustulerit,
1378 3710 1538 3841 imperet

149 3858 370 3941 demarchus
402 3864 592 3965 cognatis,
622 3876 663 3942 ut
686 3865 820 3944 tollant
839 3876 876 3942 et
896 3864 1100 3967 sepeliant,
1131 3875 1169 3940 et
1186 3886 1329 3966 pagum
1348 3874 1536 3966 purgent,

149 3988 281 4066 eodem
300 3988 381 4083 die,
411 4016 485 4090 quo
504 3990 642 4089 singuli
661 3992 772 4070 occisi
795 3986 943 4069 fuclint
980 3989 1187 4070 Denuntiet
1205 4000 1331 4065 autem
1349 3987 1399 4065 de
1419 3988 1537 4064 servis

149 4115 321 4208 domluo,
349 4113 396 4191 de
416 4115 611 4216 ingenuis,
639 4114 685 4194 iis
703 4118 765 4218 qui
784 4118 822 4194 iu
840 4116 951 4196 bonis
970 4124 1067 4193 sunt.
1106 4115 1173 4191 Sin
1191 4115 1314 4191 occiso
1333 4100 1441 4193 bona
1460 4141 1536 4191 nou

149 4249 277 4334 erunt,
306 4240 415 4318 occisi
437 4242 608 4342 cognatis
628 4241 832 4321 denuntiet.
864 4242 937 4345 ¹Sin
960 4253 1047 4344 post
1072 4239 1262 4319 demarchi
1280 4236 1535 4318 denuntiatio

150 4392 235 4440 nem
255 4367 404 4468 cognati
424 4394 501 4457 uon
520 4368 755 4464 sustulerint,
784 4367 1005 4446 demarchus
1033 4366 1240 4445 tollendum
1257 4362 1423 4443 cadaver
1440 4366 1537 4443 locet

149 4498 187 4567 et
204 4489 464 4595 sepeliendum
491 4504 528 4572 et
555 4488 794 4598 purgandum
821 4493 953 4574 eodem
981 4494 1040 4571 die
1061 4516 1221 4596 pagum,
1249 4512 1363 4592 quam
1382 4493 1536 4571 minimo

148 4618 295 4719 poterit
331 4614 397 4696 Sin
416 4646 494 4698 non
512 4618 710 4719 locaverit,
742 4621 878 4700 debeto
897 4620 998 4698 mille
1018 4619 1211 4697 drachmas
1231 4618 1389 4696 aerario.
1419 4616 1535 4715 Quid

149 4740 238 4843 quid
266 4755 391 4822 autem
419 4733 663 4849 impenderit,
692 4682 848 4852 duplum
875 4774 898 4824 a
926 4744 1150 4826 debentibus
1179 4742 1331 4845 exigito.
1363 4740 1536 4845 Quodsi

148 4893 223 4943 non
243 4850 375 4945 fldent
360 4872 502 4974 t,ipse
522 4868 658 4953 debete
678 4871 845 4953 demotis

784 5036 858 5111 114

185 5182 200 5193 ,,
241 5146 329 5246 ”Oe'
346 5146 398 5235 3,
419 5120 558 5260 ἅρχων
586 5148 610 5247 ἢ
636 5154 782 5254 ἰδιότης
807 5038 929 5254 αἴτῗος
952 5151 1066 5267 ᾐτόν
1095 5155 1254 5263 θεσμόν·
1271 5164 1524 5271 συγχυθῆναι
