3404 5782
149 394 246 486 tot
572 412 880 485 commaneamus
904 431 954 480 iu
973 429 1037 482 sss.
1056 427 1120 482 ssa.

149 619 325 714 λᾶξας,
365 615 463 697 ὅταν
501 622 610 715 πείσῃ
647 615 718 694 τὸν
757 616 1004 724 ἐγκαλοῦντα
1047 613 1275 710 ἀποστῆναι
1322 625 1404 696 καί
1440 626 1561 719 μηκέτι

148 752 337 852 ἐγκαλεῖν.
387 740 552 844 (Ἀφείς
587 774 654 825 seu
700 726 963 826 remittens
1001 748 1163 843 dicitur,
1206 773 1341 848 quum
1386 750 1476 852 quis
1509 748 1559 824 ab·

149 878 271 956 solvat
306 876 469 977 aliquem
504 873 740 968 criminibus,
776 899 936 977 quorum
962 874 1085 974 ipsum
1114 884 1302 966 accusat,
1347 867 1560 961 ἀπαλλάξας

149 1028 216 1079 seu
248 1002 540 1100 transigens
572 1009 699 1077 autem
727 1026 841 1099 quum
870 1000 953 1100 quis
981 1000 1211 1103 persuadeat
1241 1011 1507 1078 accusantem
1529 1008 1558 1073 ut

149 1127 321 1220 desistat,
332 1115 337 1125 ’
349 1150 421 1201 nec
439 1124 600 1226 amplius
620 1127 802 1216 accuset.)

255 1266 451 1346 Demosth.
469 1266 709 1346 Nausimach.
730 1278 768 1344 et
785 1269 988 1370 Xenopith.
1009 1269 1107 1344 984:
1128 1263 1388 1345 δεδωκότων
1407 1267 1490 1344 τῶν
1505 1264 1555 1343 νδ

145 1424 233 1494 μων
252 1389 584 1497 παραγράψασθαι
603 1395 686 1490 περὶ
706 1378 763 1466 ὧν
782 1381 835 1464 ε’ἶν
859 1420 915 1476 τις
944 1386 1055 1486 ἀφεὶς
1083 1397 1151 1466 καὶ
1182 1388 1437 1486 ἀπαλλάξας
1461 1389 1556 1468 πάλιν

151 1513 362 1611 δικάζηται.
400 1518 545 1622 (Leges
574 1528 800 1620 potestatem
829 1519 1038 1621 excipiendi
1068 1520 1263 1598 dederunt
1294 1523 1347 1600 iis
1377 1523 1554 1621 derebus,

150 1673 244 1753 quae
264 1672 380 1748 quum
397 1646 573 1723 remissae
591 1655 876 1746 transactaeque
895 1655 1002 1739 suut,
1031 1646 1071 1720 in
1084 1644 1282 1746 judicium
1303 1651 1554 1739 revocantur.)

257 1789 379 1866 Ibid.
408 1789 505 1865 989:
534 1789 658 1887 Leges
687 1788 805 1867 semel
830 1783 963 1866 iisdem
991 1788 1038 1864 de
1067 1787 1181 1865 rebus
1211 1814 1311 1868 cum
1344 1794 1489 1871 eodem
1512 1794 1553 1892 ag'

147 1915 293 2029 iubent

174 2146 179 2154 ¹
257 2057 389 2135 Idem
416 2056 518 2135 adv.
547 2057 740 2161 Leptin.
770 2057 869 2132 502:
898 2057 1022 2155 Leges
1050 2068 1202 2154 vetant,
1234 2085 1290 2137 ne
1320 2062 1390 2140 bis
1411 2090 1552 2142 cumec

151 2185 238 2263 dem
248 2183 386 2299 'iisdem
404 2182 451 2261 de
470 2185 581 2261 rebus
601 2183 663 2261 vel
690 2181 754 2260 lite
785 2184 846 2259 vel
874 2180 1082 2262 rationibus
1109 2182 1329 2266 reddendis
1363 2190 1432 2269 vel
1460 2205 1552 2270 certa·

151 2312 252 2390 tione
271 2309 333 2387 vel
350 2310 428 2389 ullo
447 2310 520 2387 alic
540 2308 606 2386 tali
624 2309 738 2387 modo
757 2310 820 2410 agi
839 2308 957 2386 liceat.

258 2457 467 2532 Isocrat.
495 2454 600 2533 adv.
631 2453 921 2559 Callimach.
951 2448 984 2554 ξ.
1007 2430 1077 2529 11‘:
1105 2453 1237 2547 Quum
1261 2483 1347 2557 ego
1370 2473 1473 2541 teste
1491 2491 1551 2565 pre

152 2582 266 2661 ducto
285 2583 471 2658 actionem
491 2579 570 2657 dari
590 2606 699 2680 posse
722 2571 823 2673 (cdx
843 2573 1095 2680 εἰσαγώγιμος
1115 2567 1203 2670 ἦνῆ
1226 2576 1358 2680 δίκη)
1381 2613 1551 2691 negarem,

153 2706 253 2807 quod
271 2705 469 2783 arbitrium
493 2705 764 2783 intercessisset
793 2699 960 2801 (διαίτης
978 2705 1279 2806 γεγενημένης),
1311 2711 1431 2791 litem
1449 2740 1549 2816 perse·

152 2844 260 2910 cutus
278 2856 357 2909 non
377 2841 444 2907 est.

260 2972 399 3052 Similis
419 2970 589 3074 exceptio
618 2973 743 3049 locum
771 2972 936 3050 habebat
956 2974 1066 3051 etiam
1086 2973 1188 3076 apud
1207 2976 1440 3062 Romanos.
1476 2986 1551 3061 Dicit

153 3103 253 3181 enim
281 3098 438 3201 Gajus
467 3099 652 3193 (Instit.
682 3096 889 3194 IV,116):
918 3101 1100 3203 sipaotus
1119 3101 1227 3179 fuero
1250 3115 1417 3205 tecum,
1446 3111 1549 3200 neid,

153 3224 254 3327 quod
273 3224 363 3300 mihi
386 3222 544 3318 debeas,
568 3237 646 3303 ate
665 3234 813 3326 petam,
842 3225 1081 3303 nihilominus
1098 3227 1138 3302 id
1155 3226 1247 3328 ipso
1262 3231 1363 3331 jure
1386 3249 1427 3312 te
1445 3248 1549 3339 petere

153 3375 307 3454 possum
334 3350 423 3425 dare
450 3349 548 3426 mihi·
570 3362 765 3451 oportere,
795 3353 884 3452 quia
912 3351 1092 3452 obligatio
1118 3364 1237 3453 pacto
1271 3373 1549 3439 conventores

152 3474 315 3571 tollitur3
341 3474 407 3552 sed
426 3477 571 3576 placet,
599 3476 734 3554 debere
765 3503 826 3554 me
856 3486 1045 3578 petentem
1072 3501 1141 3579 per
1167 3485 1455 3585 exceptionem
1472 3487 1547 3592 psct'

143 3601 330 3708 ¹conventi
348 3599 489 3702 repelli.

742 3722 819 3805 Ad
841 3725 958 3808 008.

262 3902 396 3984 Suidas
415 3933 444 3983 s.
463 3930 500 3982 v.
520 3900 790 4007 Παραγραφὴ.·
819 3907 1003 4010 Exceptio
1029 3918 1106 4003 est,
1134 3932 1224 3986 oum
1245 3917 1339 4014 quis
1361 3920 1545 4008 contendit

27 4097 31 4106 .
155 4060 255 4128 rem,
275 4033 322 4110 de
341 4058 417 4134 qua
434 4043 492 4111 est
511 4036 782 4130 controversia,
812 4036 851 4110 in
864 4033 1049 4136 judicium
1067 4045 1154 4113 ante
1174 4034 1420 4142 adductam,
1440 4046 1544 4146 cogni·

154 4163 368 4260 tionemque
388 4158 435 4235 de
455 4184 500 4235 ea
517 4158 686 4237 habitam
704 4160 837 4257 fuisse,
866 4161 915 4237 ob
943 4185 1101 4261 eamque
1121 4185 1281 4242 oausam
1302 4166 1438 4249 denuo
1457 4173 1498 4249 de
1513 4196 1546 4246 ee

148 4286 309 4388 judicari
326 4310 404 4361 non
423 4295 615 4397 oportere,
646 4287 713 4365 sed
732 4287 857 4388 potius
876 4286 978 4386 leges
991 4285 1184 4387 judicibus
1204 4292 1373 4392 recitat,
1404 4322 1494 4401 quae
1510 4296 1544 4372 de

153 4411 267 4488 rebus
282 4408 417 4487 iisdem
436 4410 584 4511 saepius
598 4412 768 4514 judicare
787 4437 864 4488 non
884 4411 1029 4505 sinant3
1057 4438 1169 4513 porro
1194 4439 1288 4493 cum
1307 4407 1436 4500 verba
1455 4423 1543 4511 facit,

149 4533 339 4639 judicibus
368 4536 571 4613 ostendens
599 4538 646 4616 de
674 4534 803 4616 eadem
827 4537 1080 4615 controversia
1098 4563 1183 4632 eos,
1216 4545 1286 4642 qui
1309 4558 1407 4626 ante
1417 4548 1543 4651 judica·

154 4660 254 4754 rint,
283 4670 321 4736 et
341 4661 443 4761 juste
462 4672 500 4738 et
524 4663 729 4739 secundum
745 4663 849 4764 leges
867 4663 1093 4740 sententiam
1111 4663 1256 4742 tulisse.
1297 4669 1393 4753 Hoc
1410 4685 1543 4752 vocatur

155 4785 346 4890 Exceptio.
382 4788 426 4865 ld
454 4789 589 4869 dicitur
616 4792 729 4868 etiam
757 4792 796 4868 in
815 4816 949 4885 causa,
978 4791 1026 4868 de
1044 4819 1119 4894 qua
1137 4792 1294 4892 legibus
1315 4800 1416 4879 nihil
1432 4797 1540 4879 defini

155 4922 237 4990 tum
254 4922 330 5008 est,
360 4939 545 5016 quamque
573 4941 685 4995 nemo
709 4916 747 4993 in
768 4916 955 5019 judicium
973 4917 1203 5015 introducat,
1239 4933 1286 5001 ut
1308 4938 1457 5007 oetam
1471 4947 1538 5003 ceu·

155 5063 225 5114 sas.
263 5032 420 5115 Ceterae
449 5041 549 5117 enim
576 5067 711 5119 causae
740 5044 815 5119 suis
843 5066 1012 5144 quaeque
1040 5054 1128 5120 sunt
1153 5046 1346 5140 mogi-tn
1386 5030 1457 5135 bui
1466 5045 1537 5131 ω’·

154 5173 313 5262 gnatae,
343 5164 406 5264 qui
435 5190 497 5243 eas
527 5166 566 5240 in
585 5164 768 5266 judicium
797 5166 1049 5247 introducant
1085 5167 1110 5249 E
