3404 5782
155 376 234 455 430
446 399 753 452 consensimus
771 398 825 450 sn
844 395 890 450 so.
909 395 954 452 ιι.
973 396 1020 453 ει,
1039 396 1085 450 ιι.
1105 397 1149 451 ss.
1171 397 1234 451 ιιι.

154 617 311 694 eumque
340 616 564 669 eonsensum
590 592 755 669 tribuum
781 617 932 669 suarum
958 591 1109 668 nomine
1144 599 1403 668 testarentur.
1456 585 1558 665 Sorte

154 731 279 796 autem
308 718 552 820 capiebantur
571 730 609 795 et
626 719 674 795 ad
697 718 960 795 brevissimum
986 727 1152 818 tempus,
1184 743 1264 819 quo
1294 714 1437 793 minor
1466 726 1558 790 esset

153 842 307 921 fallendi
336 871 400 921 eos
418 855 482 921 aut
500 843 779 945 oorrrumpendi
807 843 974 920 facultas.
1016 842 1216 920 Paullatim
1243 855 1392 922 tamen
1422 840 1558 918 faotum

155 995 235 1046 esse
254 969 421 1067 videtur,
450 981 491 1047 ut
509 966 548 1046 hi
566 996 662 1048 non
680 969 994 1047 contribulos
1013 968 1202 1070 praesides
1221 967 1460 1071 promiscue
1480 991 1556 1042 oum

153 1095 376 1198 prytauibus
404 1095 534 1173 officiis
562 1095 783 1197 quibusdam
810 1093 1072 1194 fungerentur,
1101 1120 1196 1193 quae
1225 1093 1458 1194 antiquitus
1483 1091 1555 1166 illo·

153 1247 235 1297 rum
252 1222 406 1325 propria
423 1221 592 1319 fuerant3
620 1248 695 1322 quo
713 1222 752 1298 id
784 1247 932 1322 quoque
960 1220 1142 1320 pertinet,
1173 1221 1350 1321 posteris
1380 1218 1555 1320 tempori·

152 1345 222 1424 bus
240 1347 420 1447 suffragia
438 1348 582 1426 senatui
601 1359 639 1425 et
656 1349 799 1450 populo
818 1345 906 1424 data
923 1371 1004 1423 esse
1023 1347 1070 1422 ab
1095 1345 1153 1423 his
1178 1345 1440 1447 praesidibus
1470 1369 1554 1420 non

153 1473 542 1551 contribulibus
1458 1502 1461 1505 ·

752 1577 828 1660 Ad
857 1578 937 1661 00.

258 1742 504 1845 Harpocratio
523 1745 581 1838 (in
599 1744 718 1841 κυρία
737 1744 946 1841 ἐκκλησία)
976 1743 1107 1822 eadem
1134 1743 1287 1839 dicens,
1322 1742 1437 1821 diem
1456 1742 1553 1821 nese

154 1879 253 1945 stum
271 1895 349 1946 non
368 1881 478 1947 vocat
494 1859 642 1962 ἄφετον
660 1871 727 1950 sed
746 1865 947 1967 ἆφίσιμον.

754 2083 930 2168 Adai

259 2244 381 2323 Sohol.
410 2248 449 2322 in
476 2247 669 2325 Demosth.
698 2246 744 2324 de
770 2246 851 2325 fals.
880 2247 992 2346 legat.
1012 2246 1101 2342 419,
1131 2247 1200 2322 26:
1224 2235 1280 2319 ‘0
1300 2241 1437 2335 τόπος
1456 2248 1552 2322 ἔνθα

152 2361 376 2444 δειπνοῦσιν
393 2372 431 2444 οί
450 2367 672 2472 πρυτάνεις,
702 2374 770 2446 καί
793 2368 910 2458 θόλος
934 2375 1118 2446 καλεῖται.
1158 2373 1336 2471 (Locus,
1369 2376 1443 2453 ubi
1474 2401 1552 2478 pry-

151 2504 255 2573 tanes
275 2511 453 2593 soonam,
481 2500 593 2577 etiam
611 2499 734 2576 tholus
754 2500 939 2592 vocatur.)

749 2710 825 2793 Ad
854 2712 933 2794 02.

260 2871 414 2948 Suidas:
435 2878 484 2944 M
492 2869 515 2945 ἆ
529 2877 551 2962 ζ
559 2893 604 2945 α·
623 2875 765 2969 κυρίως
782 2864 804 2964 ἧ
823 2869 946 2970 τροφή
968 2864 988 2964 ἦ
1010 2865 1086 2944 ἀπὸ
1106 2867 1309 2974 γάλακτος
1330 2880 1409 2952 καί
1432 2881 1548 2963 σίτου,

153 2989 253 3090 παρὰ
273 2991 317 3069 τὸ
331 2992 536 3093 μάζεσθαι.
576 2998 752 3096 (Maza,
781 3000 932 3101 proprie
962 2999 1065 3076 cibus
1084 3023 1104 3074 e
1123 2998 1220 3075 laete
1241 3013 1281 3078 et
1302 3003 1442 3084 farina
1470 3030 1547 3083 oon·

152 3120 289 3217 fectus,
310 3149 333 3198 a
350 3121 564 3224 pinsendo.)

754 3228 829 3313 Ad
858 3229 938 3312 04.

257 3389 409 3469 Bekker
435 3393 576 3472 Aneod.
604 3422 659 3496 gr.
689 3397 717 3474 I.
745 3424 782 3500 p.
813 3398 909 3474 245:
947 3389 1161 3491 illustriora·
1200 3397 1350 3484 θυσίας
1400 3392 1545 3500 ὄνομα,

150 3507 248 3591 ὅταν
264 3513 467 3614 βουλεύειν
488 3511 511 3610 ἢ
529 3513 625 3595 ὅταν
644 3512 781 3619 ἄρχειν
799 3550 854 3607 τις
878 3517 1158 3623 χειροτονηθῂ·
1185 3523 1273 3596 τότε
1294 3519 1378 3625 γὰρ
1399 3526 1540 3601 ἔθυον·

153 3645 272 3717 θυσία
302 3640 374 3747 γάρ
402 3649 479 3719 ἐστι
507 3648 686 3748 γινομένη
713 3637 793 3721 ὑπὸ
822 3645 886 3736 τῆς
908 3643 1053 3745 βουλῆς
1071 3643 1259 3737 εἰσιούσης
1279 3650 1339 3734 είς
1358 3647 1412 3725 τὸ
1434 3649 1542 3726 δικα-

150 3764 315 3866 στήριον.
355 3767 569 3864 (Aditialia2
599 3770 774 3848 Sacrificii
802 3798 955 3869 nomen,
984 3801 1098 3875 quum
1125 3774 1205 3875 quis
1222 3775 1263 3849 in
1283 3791 1472 3856 senatum
1491 3778 1543 3856 vel

150 3896 199 3973 ad
227 3897 499 4007 magistratum„
515 3897 712 3995 quemdam
739 3897 896 3998 eligitur.
942 3898 1049 3977 Tunc
1078 3899 1176 3976 enim
1203 3903 1315 3977 saera
1343 3902 1543 3983 faciebant

151 4023 248 4099 Nam
266 4024 427 4099 intrante
445 4022 483 4099 in
508 4021 646 4099 curiam
665 4037 796 4102 senatu
816 4027 930 4102 fiebat
948 4025 1020 4103 hoo
1039 4026 1293 4118 sacrificium.)

747 4235 822 4320 Ad
851 4237 930 4321 08.

256 4397 388 4500 Lysias
407 4407 536 4474 contra
555 4395 734 4478 Andooid.
755 4399 801 4477 de
820 4403 1011 4503 impietate
1031 4399 1065 4504 §.
1086 4403 1146 4479 33.
1166 4430 1203 4505 p.
1224 4402 1332 4479 231:
1363 4409 1540 4507 συμβου·

149 4515 249 4593 λεύει
269 4522 321 4604 είς
340 4516 411 4609 τὴν
427 4517 577 4621 βουλὴν
595 4519 725 4598 είσιών
743 4529 826 4622 περί
847 4525 997 4602 θυσιῶν
1015 4533 1084 4602 καί
1104 4524 1310 4627 προσόδων
1324 4536 1402 4607 καί
1419 4530 1541 4630 εὐχῶν

148 4649 217 4719 καί
231 4644 433 4743 μαντειῶν.
472 4649 675 4743 (Senatum
702 4651 892 4751 ingressus
920 4680 1028 4731 suum
1055 4655 1175 4756 aperit
1192 4657 1404 4739 eonsilium
1424 4662 1473 4743 da
1490 4689 1540 4740 sa·

147 4773 314 4867 orificiis,
334 4772 380 4851 de
399 4775 664 4876 vectigalibus,
689 4776 736 4856 de
756 4779 927 4879 precibus
947 4800 984 4857 et
1002 4781 1191 4874 oraculis.)

734 4989 810 5074 Ad
835 4992 943 5074 107.
1284 5044 1403 5089 ς..
1444 5078 1447 5085 .

254 5149 466 5254 Xenophon
495 5151 621 5233 histor.
649 5180 703 5254 gr.
723 5158 771 5254 ll,
801 5158 836 5255 3,
858 5160 927 5235 48:
958 5158 1039 5260 Ego
1066 5159 1137 5239 illis
1164 5150 1545 5267 sefflffl,
