3404 5782
521 447 830 498 consumamus
850 448 902 498 sn
920 448 984 502 aaa
1003 445 1069 499 aaa.
1405 421 1484 498 {128

98 637 232 713 dentur
253 635 520 731 Athenienses,
550 648 591 715 ut
608 637 885 738 improbitatem
912 640 984 716 hoc
1007 638 1118 714 modo
1138 638 1332 738 punirent,
1360 635 1426 713 sed
1445 647 1486 712 ut

96 762 275 840 sublimes
294 762 489 839 hominum
509 763 557 840 ad
573 764 723 863 fastigia
740 776 954 845 eventorum
974 765 1117 840 animos
1135 763 1396 841 submissiones
1413 761 1485 842 bac
1577 809 1578 813 ι

97 887 329 987 relegatione
348 891 526 968 facerent.

686 1025 762 1114 Ad
781 1029 897 1111 828.

205 1208 455 1287 Plutarch.
478 1207 683 1288 Aristid.
704 1210 739 1285 7:
760 1210 846 1287 Non
858 1211 1107 1314 improbitatis
1127 1235 1250 1312 poena
1269 1219 1349 1288 erat
1368 1219 1483 1289 ostra·

97 1338 251 1432 oismm,
281 1335 347 1413 aed
376 1334 574 1413 honestum
603 1362 738 1413 nomen
767 1334 984 1438 impositum
1008 1337 1083 1432 rei,
1113 1346 1154 1412 ut
1180 1335 1410 1413 auctoritatis
1427 1337 1483 1411 ni·

96 1463 265 1564 miaeque
284 1461 476 1563 potentiae
495 1460 702 1539 imminutio
721 1472 759 1539 et
781 1460 956 1540 coercitio
983 1461 1187 1556 diceretur3
1216 1471 1369 1562 eratque
1387 1461 1482 1537 invi-

97 1586 180 1665 diae
207 1588 370 1668 lenimen
398 1585 612 1682 tolerabile,
645 1612 739 1688 quae
766 1585 893 1664 odium
921 1612 1030 1664 suum
1056 1612 1136 1664 non
1164 1597 1332 1664 extremo
1359 1586 1484 1689 aliquo

96 1713 213 1807 malo,
242 1712 307 1790 sed
328 1711 523 1789 decennali
543 1710 702 1788 hominis
720 1711 831 1788 invisi
850 1710 1022 1790 absentia
1040 1722 1283 1790 exsaturaret.
1320 1710 1396 1789 Res
1418 1736 1482 1787 au·

95 1847 171 1915 tem
198 1839 252 1915 ita
277 1837 485 1936 agebatur:
523 1832 790 1937 Unusqnilibet
816 1834 910 1914 civis
947 1846 1065 1914 testae
1092 1862 1228 1914 nomen
1257 1822 1485 1913 inscribebat

95 1963 193 2063 ejus,
213 1988 326 2064 quem
345 1963 437 2038 urbe
457 1959 546 2063 pelli
565 1958 737 2058 volebat;
764 1986 831 2039 eae
855 1971 973 2039 testae
992 1961 1032 2037 in
1050 1960 1250 2063 quemdam
1268 1962 1307 2037 in
1325 1961 1409 2038 soro
1427 1960 1482 2036 lo·

95 2113 197 2183 cum,
217 2098 363 2190 septum
382 2085 547 2186 undique
567 2084 763 2181 cancellis,
784 2084 1122 2189 comportabantur.
1161 2084 1401 2185 Magistratus
1420 2083 1483 2160 de·

94 2211 180 2287 inde
200 2213 358 2312 primum
381 2222 561 2287 testarum
580 2238 774 2288 numerum
792 2213 830 2287 in
850 2212 909 2288 his
927 2212 1065 2306 inibat3
1084 2237 1171 2288 nam
1186 2210 1256 2288 nisi
1276 2221 1400 2287 essent
1417 2232 1483 2286 sex

95 2335 210 2413 millia
227 2336 490 2428 scribentium,
520 2337 758 2425 ostracismoe
776 2364 854 2415 non
869 2350 952 2419 erat
971 2336 1181 2439 perfectus3
1210 2336 1345 2412 deinde
1365 2335 1482 2411 nomi·

95 2461 205 2538 nibus
224 2462 455 2563 singulorum
474 2486 640 2540 seorsum
658 2463 812 2563 positis,
841 2463 895 2556 ei,
925 2463 988 2562 qui
1016 2462 1188 2565 plurimis
1207 2473 1385 2538 testarum
1404 2460 1482 2537 suf·

95 2586 223 2686 fragiis
241 2586 498 2680 damnaretur,
527 2586 712 2664 decennio
739 2588 831 2665 urbe
861 2586 1173 2683 interdicebatur,
1205 2587 1260 2663 sic
1288 2597 1414 2663 tamen
1442 2595 1483 2660 ut

94 2713 164 2788 frui
185 2712 315 2791 liceret
332 2714 408 2790 suis
427 2710 618 2791 reditibus.

203 2858 392 2943 aelian.
412 2857 519 2935 var.
543 2858 666 2947 urst,
687 2821 792 2953 xm,
814 2858 885 2934 aa:
905 2826 1117 2936 urrunnu
1137 2800 1386 2948 resumens,
1405 2854 1482 2957 pe-

94 3009 178 3061 mus
197 3008 310 3084 quum
329 2983 613 3080 introduxisset,
643 2994 814 3085 oportere
833 2983 1015 3087 quosdam
1034 2984 1253 3062 ostracismo
1272 2979 1376 3084 ejici,
1401 2980 1482 3082 ipse

93 3107 234 3214 primus
253 3108 450 3189 damnatus
468 3121 535 3185 est.

201 3249 416 3328 Secundum
435 3251 700 3329 Philochorurn
726 3253 884 3351 (fragm.
905 3253 968 3346 79,
987 3252 1032 3345 b)
1062 3253 1224 3355 populus
1243 3260 1329 3327 ante
1357 3259 1483 3325 octa·

95 3401 197 3451 vam
225 3377 439 3476 prytaniam
467 3377 655 3475 suffragiis
681 3376 872 3467 decernit,
901 3403 992 3451 num
1021 3377 1279 3452 ostracismum
1307 3399 1482 3450 exercere

96 3499 196 3576 velit.
225 3500 298 3578 Sed
318 3504 583 3600 grammaticus
601 3505 764 3580 incertus
784 3503 823 3577 in
843 3500 1062 3605 Appendice
1082 3502 1206 3583 Photii
1226 3508 1284 3603 (p.
1297 3500 1386 3591 672,
1409 3498 1481 3591 12)

96 3623 185 3701 dicit
203 3625 275 3703 hoc
294 3638 438 3707 sexta
458 3628 634 3730 prytanin
651 3627 793 3705 factum
811 3626 933 3705 fuisse.

203 3750 259 3829 uf.
279 3752 421 3835 Leaica
437 3752 592 3855 Seguer.
611 3781 647 3856 p.
669 3752 758 3829 285.

684 3962 761 4057 M
779 3965 895 4059 880.

202 4147 354 4224 Initium
373 4147 468 4246 legis
485 4148 525 4225 in
543 4147 785 4227 Demosthen.
804 4147 957 4227 Macart.
980 4148 1094 4244 1068,
1119 4151 1173 4228 ita
1190 4149 1272 4231 vult
1287 4149 1481 4229 restituere

94 4269 346 4371 Schellingius
364 4277 471 4374 (pag.
493 4272 584 4366 m:
615 4276 824 4369 Προειιιεῖν
843 4270 897 4371 τῷ
921 4273 1119 4349 κτείναντι
1147 4277 1191 4350 ἐν
1218 4267 1344 4376 ἀγορᾷ
1371 4265 1482 4368 (τούς

96 4400 309 4497 συγγενεῖς)
337 4391 484 4483 ε’·κιὸς
512 4391 762 4498 ἀνεψιότητος
793 4402 837 4494 (ἱί
862 4401 1178 4502 propiuguorum,
1208 4401 1269 4501 qui
1289 4413 1377 4477 suut
1394 4428 1480 4503 pro·

95 4523 220 4623 pieres
240 4549 352 4625 quam
370 4523 549 4619 sobrinil·
577 4529 646 4599 καὶ
675 4518 864 4622 ἀνεψιούς
893 4519 1123 4599 συνδιώκειν
1148 4554 1187 4599 τε
1214 4528 1286 4601 καὶ
1305 4518 1481 4623 ἀνεψιῶν

95 4642 233 4735 παῖδας
252 4651 321 4720 καὶ
341 4645 542 4749 γαμβρούς
561 4655 628 4729 καὶ
649 4647 851 4748 φράτορας.

203 4790 330 4891 Vulgo
347 4792 441 4871 haec
460 4794 655 4895 leguntur:
684 4798 894 4890 Προειιιιῑν
922 4792 977 4891 τῴ
1006 4796 1134 4872 assiu·
1163 4800 1206 4870 ἐν
1230 4789 1355 4896 ἀγορᾷ
1374 4788 1481 4876 inde

94 4908 347 5014 ὄνεψιὸιητος
363 4920 435 4992 xci
454 4910 646 5017 ἀνεψιοῦ,
666 4916 895 4994 συνδιώκειν
914 4915 952 4994 δι’
972 4923 1040 4995 καὶ
1062 4914 1237 5019 ἀνεψιῶν
1257 4915 1392 5003 παῖδας
1411 4921 1480 4992 καὶ

92 5035 297 5145 mustuosis
314 5043 385 5117 xci
403 5035 681 5145 (inurentium
701 5039 913 5143 πενθερούς
932 5049 1002 5119 καὶ
1022 5040 1269 5147 ἅναψιαδοῦς
1287 5047 1357 5116 καὶ
1376 5038 1479 5143 ‹ppu-

93 5166 249 5273 ψ·
277 5206 285 5239 ι
320 5170 350 5241 ·i·
374 5172 499 5267 leupus
