3436 5790
582 423 890 475 conscensurus
910 421 963 473 An
984 414 1063 473 1315.
1084 415 1163 470 1³1⁷.
1485 395 1562 487 597

171 618 240 694 dse
264 618 503 694 constitutum
532 638 611 691 esse
642 615 834 715 proprium
863 612 1114 690 vocabulum?
1153 613 1236 688 Hoc
1259 638 1349 688 vero
1368 636 1448 686 esse
1469 603 1560 682 ἀνε-

171 738 336 840 ψιαδοῦς
366 753 554 820 oratorum
584 742 814 840 aliorumque
851 751 1047 816 auctorum
1080 738 1293 815 testimonia
1321 735 1561 812 disertissima

168 867 439 1052 docellbassunt
467 974 619 1073 quidem
648 973 740 1050 tales
769 969 838 1048 dici
869 973 981 1049 etiam
1002 999 1021 1049 e
1042 970 1275 1048 consobrinis
1295 969 1481 1072 procreati
1500 972 1559 1063 (ἐξ

169 1095 346 1199 ἀνεψιῶν
365 1090 473 1183 ὄντες
492 1100 571 1176 sive
591 1092 792 1201 γεγονότες
821 1100 899 1173 sive
930 1092 1105 1198 ἀνεψιῶν
1124 1091 1296 1191 παῖδες),
1327 1095 1393 1171 sed
1414 1122 1489 1170 non
1509 1093 1559 1171 al·

167 1240 224 1305 ter
242 1228 348 1303 alteri
379 1240 435 1304 est
464 1228 678 1304 consobrini
707 1228 805 1303 filius
835 1231 853 1318 t
856 1234 943 1311 παῖς
962 1221 1175 1324 ἀνεψιοῦ);
1205 1224 1362 1299 oriretur
1386 1221 1482 1298 enim
1502 1249 1558 1299 ra·

167 1356 310 1432 tionum
330 1354 564 1431 diversarum
584 1352 763 1428 confusio.
793 1352 866 1445 Qui
886 1353 1061 1427 sobrinus
1081 1363 1137 1428 est
1155 1349 1282 1442 alteri,
1307 1347 1392 1424 huic
1411 1358 1449 1422 et
1467 1348 1561 1423 alter

166 1477 228 1555 ille
257 1492 313 1555 est
342 1472 585 1576 ἀνεψιαδοῦς
614 1479 731 1571 (inter
759 1505 798 1554 se
827 1490 913 1554 sunt
942 1477 1127 1570 sobrini),
1156 1475 1222 1551 sed
1242 1474 1273 1550 is
1293 1474 1356 1576 qui
1376 1472 1482 1549 alteri
1502 1484 1559 1549 est

164 1603 375 1680 consobrini
397 1605 505 1697 filius,
518 1629 603 1679 eum
621 1604 738 1679 altero
759 1631 834 1678 non
855 1606 975 1703 magis
994 1628 1107 1703 quam
1127 1600 1252 1678 fratris
1272 1596 1370 1675 filius
1389 1624 1473 1674 curn
1493 1624 1557 1699 pa·

165 1741 248 1806 truc
277 1727 412 1805 eodem
439 1741 589 1807 mutuae
619 1728 853 1828 cognationis
884 1752 1022 1828 genere
1051 1730 1269 1822 conjunctus
1298 1733 1373 1816 est,
1402 1722 1468 1799 sed
1497 1722 1558 1798 hic

164 1855 321 1957 propius
341 1856 374 1931 ei
394 1855 548 1931 sobrino
569 1879 649 1930 esse
670 1851 839 1929 dicitur.“
869 1854 1085 1929 Bunsen:
1105 1853 1162 1927 De
1177 1851 1262 1950 jure
1280 1847 1404 1926 hered.
1418 1846 1555 1925 Athen.

166 1979 336 2079 Gotting.
359 1981 473 2056 1813.
494 2009 530 2083 p.
550 1979 693 2055 7-10,

274 2103 461 2205 „Cognati
480 2106 616 2206 (vulgo
635 2105 888 2197 collaterales)
909 2117 996 2182 sunt

271 2232 299 2308 Ι.
328 2230 362 2309 Α
380 2241 486 2333 patre
506 2229 673 2306 defuncti
692 2228 860 2304 oriundi:

324 2359 366 2449 a)
395 2357 549 2434 Juxta
568 2355 806 2449 defunctum,
826 2353 960 2430 fratres
979 2379 1188 2431 sororesve.

323 2484 369 2575 b)
398 2481 540 2559 Infra
568 2505 673 2575 eum,
705 2506 751 2556 ex
769 2480 849 2580 ¹illis
869 2480 1051 2580 procreati
1081 2471 1309 2570 ἀδελφιδοὶ,
1340 2467 1554 2565 ἀδελφιδαῖ.

243 2611 291 2686 ll.
322 2606 381 2685 Ab
401 2633 473 2682 avo
492 2631 611 2704 genus
630 2605 827 2682 ducentes:

322 2732 367 2828 a)
396 2730 555 2832 Supra
583 2731 818 2824 defunctum,
860 2740 1015 2829 patruus
1045 2739 1082 2804 et
1110 2728 1243 2824 amita,
1281 2728 1487 2804 avunculus
1517 2740 1555 2803 et

393 2867 593 2933 matertera
612 2859 763 2949 (θεῖος,
795 2855 919 2948 θεία).

323 2985 368 3075 b)
396 2985 424 3060 J
435 2996 552 3115 usta
576 3009 681 3078 eum,
710 2984 842 3059 horunr
862 2982 970 3059 liberi
990 2980 1205 3057 consobrini
1226 2973 1428 3075 (ἀνεψιοί,
1460 2971 1552 3050 ἀνε-

395 3129 397 3133 -
429 3116 519 3168 ιαι.

321 3219 362 3309 o)
392 3094 531 3294 lvnfda
550 3240 655 3310 eum,
685 3215 817 3291 horum
837 3216 945 3295 liberi
966 3208 1163 3311 (ἀνεψιῶν
1183 3209 1346 3305 παῖδες).

234 3347 299 3421 111.
322 3344 354 3423 A
377 3368 519 3445 proavo
538 3354 602 3419 aut
620 3344 777 3443 proavia
796 3343 964 3419 oriundi:

321 3470 363 3560 a)
390 3466 550 3568 Supra
568 3467 784 3543 defunctum

392 3598 437 3686 α)
465 3594 596 3696 proavi
615 3593 677 3668 vel
695 3593 872 3694 proaviae
891 3593 1021 3686 liberi,
1042 3591 1178 3669 deinde
1199 3592 1261 3690 qui
1281 3602 1339 3667 est

390 3720 438 3816 β)
466 3719 638 3820 proprius
657 3718 829 3812 sobrino,
850 3719 897 3794 ab
916 3718 977 3794 his
996 3729 1222 3821 procreatus.

320 3848 367 3939 b)
395 3847 551 3922 Juxta
569 3845 809 3936 defunctum,
839 3843 946 3943 hujus
967 3843 1095 3937 liberi,
1125 3842 1267 3919 sobrini
1290 3835 1549 3938 (ἀνεψιαδοί).

321 3977 364 4067 c)
392 3973 534 4048 Infra
552 3997 656 4063 eum,
675 3970 809 4045 horum
828 3970 936 4046 liberi
956 3965 1108 4062 (παῖδες
1127 3961 1411 4065 ἀνεψιαδῶν).“
1432 3970 1549 4044 Bun·

392 4123 477 4175 sen
494 4097 584 4176 ibid.
608 4123 646 4198 p.
668 4096 834 4170 1243.

737 4269 813 4351 Ad
835 4270 969 4353 1³1⁷.

266 4423 400 4497 Pollux
420 4421 487 4514 ΙΙΙ,
510 4419 634 4494 6-7:
664 4421 879 4521 Συψγένειιι
906 4429 962 4495 est
981 4443 1075 4520 quae
1096 4445 1172 4494 non
1194 4428 1343 4513 natura,
1373 4418 1438 4495 sed
1457 4419 1547 4520 legi-

161 4550 248 4625 time
268 4559 460 4624 contrecta
489 4559 564 4642 est,
593 4558 634 4622 ut
653 4560 739 4623 sunt
757 4546 905 4646 generi,
935 4547 1073 4642 soceri,
1104 4556 1141 4622 et
1160 4555 1341 4646 quotquot
1360 4545 1546 4623 familiari·

158 4686 233 4752 tate
252 4673 361 4750 nobis
381 4703 400 4749 e
420 4683 530 4776 pecto
550 4671 694 4775 aliquo,
723 4700 800 4749 non
822 4672 1043 4749 necessitate
1056 4673 1180 4774 juncti
1198 4682 1294 4749 sunt.

264 4799 400 4876 Pollux
418 4801 532 4897 igitur
551 4801 777 4901 συγγένειαν
804 4826 881 4875 non
906 4823 976 4907 pro
1006 4799 1231 4899 cognatione
1251 4799 1316 4876 sed
1334 4826 1403 4901 pro
1422 4798 1546 4876 affini-

157 4937 232 5005 tate
251 4925 388 5019 habet,
417 4925 518 5026 quod
536 4926 617 5028 ejus
636 4935 757 5002 aetate
778 4926 875 5002 forte
895 4924 948 5001 ita
965 4923 1085 5000 luerit.

265 5051 321 5131 Of.
341 5050 523 5129 Dittrieh:
545 5052 818 5156 Aristophanes
837 5078 913 5127 von
933 5053 1082 5152 Byzann
1100 5052 1248 5131 Becher
1266 5051 1360 5128 tiber
1378 5049 1438 5127 die
1452 5050 1544 5128 Ver-

158 5179 558 5259 wandschaftsnamen.
586 5182 631 5259 ln
650 5177 847 5280 Philologo
867 5177 1105 5280 Gottingensi
1123 5178 1155 5273 Ι,
1175 5178 1262 5253 225.
