3436 5790
707 434 768 484 JUS
787 431 999 485 PUBLIOUM·

795 622 906 696 1259.

268 764 339 840 Ἐν
357 767 410 866 τῷ
424 759 750 841 Ἔλλανοδικεῶνι
770 763 925 838 οἰκοῦσι
947 761 1039 838 δέκα
1063 763 1195 858 ἑφεξῆς
1219 765 1344 861 μῆνας
1373 766 1411 838 oi
1440 763 1543 860 αἱρε-

167 898 294 978 θέντες
315 891 578 981 ἑλλανοδικεῖν
595 896 663 965 καὶ
683 883 762 967 ὑπὸ
782 888 860 964 τῶν
879 886 1168 988 νομοφυλάκων
1186 884 1259 965 ὅσα
1279 896 1316 976 ἐς
1329 885 1401 964 τὸν
1410 883 1544 992 ἀγῶνα

162 1022 260 1113 σφᾶς
279 1015 480 1093 δεῖποιεῖν
501 1014 762 1097 διδάσκονται.
1006 1020 1185 1113 (Pausan.
1206 1019 1272 1113 VI,
1292 1018 1355 1112 24,
1375 1017 1433 1113 3.)

798 1130 909 1204 1259.

269 1276 313 1348 In
341 1273 609 1350 Hellanodiceo
638 1285 839 1375 perpetuos
868 1273 997 1349 decem
1026 1296 1175 1348 menses
1194 1269 1384 1363 habitant,
1413 1267 1478 1369 qui
1497 1267 1544 1344 ad

160 1399 333 1475 ludorum
360 1399 632 1500 praefecturam
659 1409 747 1475 sunt
766 1398 920 1493 delecti,
950 1408 1103 1497 totoque
1124 1424 1168 1472 eo
1188 1407 1354 1497 tempore
1373 1394 1544 1490 elegum

162 1525 484 1601 conservatoribus
504 1525 706 1601 edocentur
724 1525 770 1600 de
791 1526 984 1617 omnibus,
1014 1548 1108 1625 quac
1126 1522 1166 1599 in
1183 1520 1356 1598 ludorum
1375 1517 1543 1596 celebra·

161 1650 259 1725 tione
280 1650 358 1727 fieri
377 1651 426 1727 ab
444 1650 488 1726 iis
506 1650 691 1726 convenit
794 1754 897 1831 1260

268 1894 401 1971 Παῖδα
429 1892 602 1988 άθλητὴν
623 1891 898 1989 Ἑλληνοδίκαι
924 1901 1130 1996 κρίνουσιν
1155 1893 1234 1972 άπὸ
1262 1893 1341 1970 τῶν
1359 1875 1541 1968 τοιῶνδε·

161 2027 198 2097 εἰ
216 2019 316 2115 φυλὴ
337 2021 433 2120 τῷδε
452 2028 519 2097 καί
548 2028 700 2122 πατρίς,
729 2029 766 2099 εἰ
791 2021 912 2122 πατὴρ
942 2029 1011 2099 καί
1040 2029 1172 2126 γένος,
1201 2027 1238 2096 εί
1263 2028 1302 2112 ἐξ
1330 2025 1544 2117 ἐλευθέρων

141 2155 230 2223 ’καί
245 2145 299 2246 μὴ
320 2146 458 2236 νόθος·
487 2152 547 2223 ε’·πί
566 2149 684 2224 πᾶσιν
702 2152 738 2224 εἰ
755 2155 837 2236 νέος
855 2155 925 2223 καί
947 2146 1003 2246 μὴ
1024 2141 1119 2248 ὑπὲρ
1139 2145 1277 2223 παῖδα·
1303 2150 1341 2222 εί
1357 2138 1544 2249 ἐγκρατὴς

112 2265 114 2269 ’
163 2268 186 2363 ἢ
205 2269 389 2373 ἀκρατής·
419 2277 456 2348 εί
467 2269 662 2371 μεθυστὴς
681 2268 704 2363 ἢ
722 2278 850 2373 λίχος·
879 2277 917 2349 εἰ
935 2279 1144 2374 θαρσαλέος
1164 2269 1187 2364 ἢ
1206 2269 1336 2358 δειλός.

321 2403 553 2496 (Philostrat
573 2402 619 2479 dc
638 2404 883 2505 gymnastica.
904 2429 985 2505 cap.
1006 2406 1068 2480 25.
1087 2403 1144 2481 cd.
1163 2400 1435 2498 Daremberg.)

798 2564 912 2639 1260.

267 2708 429 2783 Puerum
452 2706 630 2784 athletam
647 2708 916 2784 Hellanodicac
939 2707 1128 2809 judicant:
1157 2731 1177 2782 c
1202 2705 1349 2807 quasit
1376 2703 1478 2780 tiibu
1504 2710 1542 2779 et

161 2833 299 2935 patria,
327 2859 400 2930 quo
428 2842 534 2932 patre
563 2843 600 2907 et
626 2858 764 2930 genere
792 2844 921 2926 natus,
949 2859 1039 2908 num
1066 2833 1252 2931 ingenuus
1272 2830 1342 2905 vel
1370 2827 1540 2929 spurius3

161 2970 282 3032 utrum
296 2955 460 3054 juvenis,
477 2956 538 3054 qui
556 2983 633 3031 non
655 2959 856 3033 excesserit
875 2957 1130 3059 pubertatem3
1147 2960 1237 3030 num
1249 2976 1463 3055 temperans
1480 2952 1542 3028 vel

163 3085 435 3182 intemperans,
465 3081 632 3156 ebriosus
651 3084 712 3158 vel
731 3083 937 3181 ligurritor‚
966 3082 1071 3160 fortis
1090 3082 1152 3158 vel
1168 3082 1339 3180 ignavus.

269 3361 337 3454 Μή
355 3360 563 3464 βαρβάρων
580 3246 938 3471 άγωνιστίωίιῖίίδαι
958 3363 1030 3442 τὸν
1049 3362 1195 3472 ἀγῶνα,
1215 3359 1313 3440 άλλά
1330 3355 1539 3454 Ἑλλήνων.

793 3603 890 3677 1261
1065 3494 1263 3589 (Herodot.
1283 3492 1329 3587 V,
1350 3493 1434 3585 22.)

269 3730 324 3804 Ne
344 3731 479 3808 sithoc
498 3679 686 3810 certamen
705 3733 969 3827 barbarorum,
999 3731 1065 3809 sed
1085 3730 1326 3808 Graecorum.
1409 3716 1413 3722 Δ

797 3893 910 3967 1262.

269 4035 315 4108 Oi
329 4026 605 4108 Ἑλλανοδίκαι
617 4028 972 4132 κληροῦσινὸντινα
984 4027 1092 4132 ᾧτινι
1108 4030 1186 4131 χρὴ
1207 4034 1385 4107 παλαίειν
1404 4025 1427 4123 ἢ
1437 4058 1539 4135 παγ-

160 4156 394 4257 κρατιάζειν.
436 4158 581 4248 Κάλπις
609 4156 755 4264 άργυρᾶ
787 4157 982 4257 πρόκειται
1003 4155 1082 4259 ἱερά
1102 4159 1174 4235 τοῦ
1196 4158 1315 4235 θεοῦ·
1344 4165 1380 4246 ἐς
1399 4155 1541 4251 ταύτην

161 4283 416 4382 ἐμβάλλονται
437 4285 571 4384 κλῆροι
587 4292 746 4385 μικροί,
776 4282 871 4361 ὅσον
890 4281 935 4376 δι)
956 4296 1158 4384 κυαμιαῖοι
1178 4281 1222 4359 τὸ
1237 4290 1406 4389 μέγεθος
1417 4342 1428 4374 ,
1457 4291 1540 4361 ε’·πι-

161 4416 425 4512 γεγραμμένοι.
459 4409 721 4517 Ἐγγράιμεται
750 4411 788 4490 δὲ
817 4419 853 4499 ἐς
883 4411 954 4488 δύο
977 4416 1052 4512 μὲν
1080 4405 1189 4507 άλαα
1218 4418 1260 4487 ἓν
1288 4417 1475 4512 ἑκατέρῳ,
1504 4419 1541 4500 ἐς

162 4526 233 4611 δύο
253 4533 290 4611 δὲ
310 4533 354 4611 τὸ
373 4537 494 4635 βῆτα,
523 4545 592 4615 καί
623 4547 659 4628 ἐς
688 4533 828 4627 ἄλλους
856 4537 927 4615 δύο
954 4536 999 4613 τὸ
1028 4537 1161 4642 γάμμα
1180 4543 1248 4612 καί
1269 4537 1351 4629 ἑξῆς
1370 4535 1473 4612 κατά
1492 4533 1539 4612 τά

162 4656 284 4749 αὐτά,
305 4655 353 4750 ἢν
372 4668 523 4752 πλείους
543 4669 579 4739 οὶ
599 4663 765 4757 άθλοταί
787 4657 855 4765 qim
867 4723 878 4754 ,
909 4663 980 4740 δύο
1000 4661 1058 4740 ἀεὶ
1078 4664 1218 4761 κλῆροι
1232 4661 1277 4738 τὸ
1297 4659 1395 4739 αὐτὸ
1415 4661 1541 4768 γράμ-

156 4813 213 4881 μα
233 4788 395 4881 {jorres
437 4788 677 4891 Προσελθών
696 4789 741 4882 δὴ
760 4790 840 4866 τῶν
858 4787 1041 4881 άθλιπων
1059 4795 1219 4875 ἕκαστος
1238 4787 1541 4887 προσευξάμενος

160 4910 214 5007 τῴ
233 4917 302 4987 Διί·
315 4918 453 5001 καθείς
471 4911 540 5004 τὴν
552 4927 665 5013 χεῖρα
693 4923 729 5002 ἐς
753 4913 824 5005 τὴν
851 4911 998 4990 κάλπιν
1022 4911 1178 5013 ἀνασπᾷ
1205 4912 1284 4989 τῶν
1301 4912 1456 5013 κλήρων
1472 4921 1541 4991 ἕνα

159 5040 228 5109 καί
251 5045 334 5134 μετ’
363 5045 516 5115 ἐκεῖνον
552 5047 696 5138 ίτερος,
734 5046 802 5114 καί
842 5038 1031 5138 παρεστώς
1063 5036 1351 5144 μαστιγοφόρος
1388 5039 1540 5140 ἑκάστῳ

249 5187 287 5236 ἐι
306 5159 433 5241 αὐτοῦ
452 5161 524 5258 τὴν
538 5177 649 5268 χεῖρα
678 5162 726 5242 οὐ
759 5172 934 5273 παρέχων
963 5163 1184 5282 ἀναγνῶναι
1214 5161 1237 5251 ὅ
1263 5196 1298 5242 τι
1316 5163 1361 5242 τὸ
1382 5165 1540 5283 γράμμα
