3436 5790
711 376 773 428 JUS
793 371 1003 433 Pushlcuti·
1099 404 1101 409 ·
1128 404 1137 413 ⁸

804 566 917 646 1273.

265 708 496 802 Ἀθηναίων
514 722 592 798 τοῖς
612 706 916 806 ἀφικνουμένοις
928 712 988 784 ίπί
1003 705 1050 783 τά
1069 703 1234 808 Ἴσθμια
1246 714 1425 807 παρέχειν
1435 740 1548 809 προε-

165 836 297 938 δρίαν,
336 832 432 913 ὅσον
464 831 516 913 άν
542 833 665 912 τόπον
692 838 831 932 ἐπίσχῃ
858 836 1156 911 καταπετασθὲν
1183 832 1226 912 τὸ
1264 835 1326 928 τῆς
1365 835 1549 939 θεωρίδος

166 960 257 1051 νεώς
275 964 410 1038 ίστίον.
536 1060 540 1081 Ι
930 963 1137 1059 (Plutarch.
1156 964 1335 1041 Theseus,
1356 966 1441 1058 25.)

806 1108 918 1185 1273.

272 1253 584 1345 Atheniensibus,
613 1254 675 1354 qui
696 1253 743 1332 ad
762 1252 917 1330 Isthmia
941 1253 1132 1346 venerint,
1162 1252 1412 1329 attribuantur
1431 1253 1552 1354 prima

166 1378 341 1459 subsellia
370 1389 474 1454 tanto
493 1379 636 1479 spatio,
666 1390 846 1478 quantum
875 1380 981 1455 navis
1007 1378 1185 1457 theoridis
1214 1403 1422 1482 expansum
1448 1376 1551 1455 humi

165 1507 291 1582 velum
309 1505 560 1605 occupaverit.

769 1715 885 1807 Μέρος
908 1713 953 1800 γ’-.

725 1835 776 1910 Ἀ
820 1843 851 1908 θ
896 1844 916 1907 λ
961 1870 993 1908 α.

785 2077 879 2142 Pars
902 2077 932 2143 3.

715 2201 1005 2266 Praemia.

809 2365 923 2441 1274.

273 2507 343 2585 Ἐν
355 2513 431 2606 μὲν
450 2507 495 2600 δὴ
512 2507 708 2610 Ὀλυμπία
727 2513 892 2584 κοτίνου
912 2507 965 2607 τῴ
986 2509 1146 2585 νικῶντι
1167 2506 1350 2587 δίδοσθαι
1361 2515 1554 2605 στέφανον

169 2638 238 2711 καί
258 2640 300 2708 ἐν
319 2639 481 2729 Δελφοῖς
500 2633 665 2730 δάφνης·
695 2644 738 2712 ἐν
759 2633 910 2733 Ἰσθμῷ
940 2631 977 2709 δὲ
1011 2627 1030 2726 ἦ
1062 2638 1171 2721 πίτυς
1195 2639 1264 2709 καί
1292 2632 1339 2709 τά
1365 2641 1409 2711 ἐν
1428 2640 1552 2734 Νεμέᾳ

170 2763 299 2862 σέλινα
318 2759 545 2859 νενόμισται.
578 2765 623 2838 Oi
643 2761 681 2838 δὲ
703 2758 846 2865 άγῶνες
866 2765 1049 2855 φοίνικος
1073 2762 1232 2856 ἔχουσιν
1250 2762 1286 2834 oi
1306 2766 1444 2839 πολλοὶ
1468 2765 1551 2838 στέ-

171 2909 317 2979 φανον·
345 2892 381 2971 ἐς
400 2883 438 2961 δὲ
456 2883 528 2977 τὴν
547 2885 679 2981 δεξιάν
697 2895 774 2964 ε’·στι
794 2892 862 2961 καί
884 2886 1088 2980 πανταχοῦ
1106 2887 1158 2959 rui
1178 2884 1339 2961 νικῶντι
1357 2892 1554 2985 ἐστιθέμε-

173 3040 239 3098 νος
257 3015 401 3105 φοίνιξ.
980 3015 1160 3107 (Pausan.
1181 3015 1286 3108 VIII,
1307 3015 1370 3107 48,
1391 3015 1448 3105 2.)

811 3127 923 3202 1274.

279 3263 420 3342 Victori
450 3267 490 3343 in
509 3267 685 3371 Olympia
712 3296 759 3346 ex
779 3272 962 3362 oleastro,
992 3267 1152 3368 Delphis
1171 3293 1191 3344 e
1210 3267 1315 3344 lauro
1335 3293 1474 3344 eorona
1493 3268 1555 3344 de·

172 3403 242 3468 tur.
280 3391 326 3467 In
353 3391 495 3468 Isthmo
523 3405 649 3470 autem
675 3397 826 3495 pinum,
855 3398 894 3472 in
925 3395 1068 3471 Nemea
1094 3392 1222 3493 apium
1247 3392 1327 3471 dari
1345 3393 1556 3471 institutum

174 3525 239 3590 est.
279 3516 394 3593 Ludis
423 3545 534 3618 porro
563 3520 749 3622 plerisque
778 3523 924 3623 palmae
952 3544 1093 3598 corona
1116 3518 1350 3610 decernitur,
1379 3520 1556 3596 viotoros·

175 3664 246 3739 que
266 3643 388 3718 cuncti
409 3643 546 3746 ubique
565 3648 734 3723 locorum
753 3647 917 3747 palmam
936 3646 1091 3722 dextera
1109 3644 1334 3745 praeferunt.

784 3927 965 4019 Μέρος’δ’.

672 4048 1059 4143 Ἐλευθέρια.

668 4415 1064 4483 Eleutherio.

814 4600 930 4676 1275.

285 4746 467 4816 Συνιίναι
483 4743 557 4837 μὲν
574 4745 628 4829 εἰς
645 4738 848 4828 Πλαταιάς
866 4747 964 4817 καθ’
981 4748 1150 4817 ἕκαστον
1167 4735 1349 4817 ἐνιαυτὸν
1366 4736 1460 4828 τούς
1483 4737 1559 4816 άπὸ

179 4864 242 4955 τῆς
263 4856 450 4951 Ἑλλάδος
468 4862 708 4963 προβούλους
735 4871 804 4941 καί
833 4862 1024 4961 θεωρούς,
1054 4858 1220 4968 άγεσθαι
1251 4862 1288 4938 δὲ
1319 4894 1560 4964 πενταετηρι-

179 4987 257 5066 κὸν
283 4986 418 5095 άγῶνα
445 4989 525 5063 τῶν
547 4986 814 5089 Ἐλευθερίων.
844 4995 1051 5079 Πλαταιεῖς
1080 4990 1114 5064 δ’
1144 4987 1312 5077 ἀσύλους
1341 4995 1410 5064 καί
1436 4989 1560 5089 ἱερούς
1605 5001 1609 5008 ’

179 5110 368 5213 ἀφεῖσθαι
384 5114 440 5216 τῷ
460 5113 544 5216 θεῷ
552 5169 565 5205 ,
594 5113 766 5204 θύοντας
783 5106 879 5214 ὑπὲρ
897 5112 960 5204 τῆς
973 5108 1170 5204 Ἑλλάδος.
1198 5121 1275 5192 Καί
1294 5118 1332 5193 οἱ
1351 5121 1559 5206 Πλαταιεῖς
