3436 5790
229 381 306 455 536
648 395 955 449 commaneamus
979 397 1027 444 nn
1047 393 1110 447 ses.
1129 391 1192 446 aue.

335 594 444 694 Apud
464 591 666 666 Thebanos
685 584 984 688 praecipiebatur
1012 586 1215 661 artificibus
1234 600 1314 662 tum
1334 586 1516 686 pingendi
1537 595 1618 659 tnm

228 717 394 816 fingendi
414 717 561 818 peritis,
589 726 630 789 ut
656 740 782 789 rernm
810 714 949 787 formas
977 709 1187 787 honestiore
1215 710 1326 785 modo
1352 711 1618 811 exprimerent.

228 844 278 920 Iis
297 853 443 931 autem,
463 841 525 939 qui
546 864 608 914 eas
627 841 666 914 in
686 839 848 915 deterius
867 849 932 912 aut
951 839 1137 933 fingerent
1156 847 1220 909 aut
1238 837 1454 935 pingerent,
1475 834 1618 909 mulcta

227 968 342 1069 ipsIus
361 965 529 1065 picturae
549 966 711 1065 pretium
729 962 974 1060 irrogabatur.
995 961 1205 1053 (Aeliau.
1219 961 1323 1035 Var.
1345 958 1457 1034 hist.
1478 959 1547 1051 IV,
1559 960 1617 1049 4.)

335 1106 639 1182 Lacedaemoniis
659 1119 782 1181 autem
811 1116 928 1180 artem
956 1103 1141 1200 attingere
1161 1101 1351 1177 sordidam
1370 1128 1447 1176 non
1467 1100 1619 1176 licebat.

231 1237 372 1326 Τέχνης
392 1224 573 1330 ἅψασθαι
591 1223 797 1326 βαναύσου
817 1222 896 1300 οὐκ
915 1227 1045 1315 ἔξεστι.
1076 1226 1345 1321 (Plutarch.
1365 1226 1620 1302 Instituta

229 1361 401 1436 Lacon.
423 1357 505 1450 41.)

337 1505 416 1579 Imo
436 1501 614 1579 Aelianus
634 1499 762 1592 (Var.
783 1497 892 1572 hist.
912 1497 978 1592 VI,
999 1499 1034 1591 6,
1057 1497 1101 1588 1)
1122 1494 1230 1590 dicit,
1258 1509 1375 1570 artem
1394 1494 1618 1571 illiberalem

229 1627 289 1703 vel
310 1637 440 1718 nosse,
469 1627 561 1703 nulli
580 1627 661 1698 viro
680 1625 979 1700 Lacedaemonio
999 1624 1146 1700 licebat.

336 1768 449 1844 Teste
476 1767 669 1843 Herodoto
698 1780 821 1841 antem
851 1765 938 1858 (VI,
964 1767 1036 1859 60)
1064 1766 1350 1841 Lacedaemonii
1377 1764 1450 1840 hoc
1478 1763 1621 1841 habent

229 1919 424 1972 commune
447 1919 531 1967 cum
551 1891 768 1991 Aegyptiis,
797 1890 899 1989 qnod
927 1890 1028 1990 apud
1057 1889 1140 1965 illos
1169 1915 1372 1991 praecones
1391 1906 1427 1964 et
1446 1891 1620 1965 tibicines

231 2032 267 2096 et
285 2021 394 2119 coqui
421 2020 460 2092 in
490 2015 627 2117 patrias
657 2028 755 2089 artes
773 2017 998 2110 succedunt,
1028 2029 1064 2090 et
1083 2016 1220 2091 tibicen
1243 2015 1340 2090 filins
1360 2027 1416 2090 est
1434 2015 1619 2109 tibicinis,

231 2169 372 2245 coquus
392 2143 522 2243 coqui,
552 2166 687 2242 praeco
707 2141 913 2240 praeconis.
964 2198 970 2211 .
1037 2176 1052 2196 ·-

338 2286 454 2361 Porro
483 2283 766 2360 Lacedaemonii
795 2283 1033 2359 inhonestum
1064 2282 1249 2358 duxerunt
1277 2283 1356 2358 aliis
1381 2309 1538 2384 operam
1556 2311 1620 2360 na·

231 2438 319 2500 vare¹
338 2410 479 2487 artibus
500 2434 612 2509 quam
633 2407 680 2483 ad
705 2432 773 2485 res·
793 2407 944 2484 bellicas
972 2408 1265 2511 pertinentibus,
1295 2421 1332 2483 et
1350 2420 1550 2509 quaestum
1568 2411 1586 2486 f
1609 2450 1620 2463 ·

230 2562 314 2614 cere
334 2535 519 2635 Spartano
540 2532 758 2619 indecorum
778 2546 866 2609 erat.
886 2535 943 2626 (N
951 2533 1104 2608 icolai
1123 2531 1338 2610 Damaso.
1357 2533 1489 2631 fragm.
1513 2535 1620 2629 114.)

340 2679 490 2779 Coquos
511 2702 601 2752 vero
620 2652 904 2766 Lacedaemone
925 2676 1125 2776 oportebat
1143 2701 1224 2751 esse
1243 2677 1357 2752 solius
1375 2677 1509 2754 carnis.
1548 2678 1622 2770 Qui

233 2820 380 2907 praeter
398 2803 488 2879 illud
508 2803 597 2903 qnid
619 2804 802 2895 novisset,
834 2803 1051 2902 ejiciebatur
1070 2800 1228 2901 Sparta,
1256 2802 1409 2902 perinde
1429 2813 1542 2902 atque
1562 2829 1621 2878 ae-

233 2928 463 3030 grotantium
483 2928 639 3027 piacula.
670 2927 876 3018 (Aelian.
897 2926 1002 3002 Var.
1022 2927 1131 3000 hist.
1152 2926 1257 3022 XIV,
1278 2928 1313 3023 7,
1334 2929 1389 3020 5.)

342 3070 536 3170 Lycurgus
558 3067 670 3143 etiam
692 3069 864 3144 omnibus
894 3067 1044 3144 fucandi
1075 3068 1349 3168 exornandique
1376 3071 1547 3170 corporis
1564 3094 1622 3147 ar-

236 3209 312 3270 tem
331 3191 599 3285 tractantibus,
624 3191 799 3292 Spartam
816 3195 1049 3272 inaccessam
1066 3219 1146 3268 esse
1160 3194 1292 3292 jussit,
1320 3193 1419 3293 quod
1439 3194 1547 3270 malis
1567 3222 1623 3269 ar-

234 3320 334 3394 tibus
354 3343 476 3392 mores
495 3328 790 3417 corrumperent.
830 3318 1098 3410 (Plutarch.
1129 3316 1486 3418 Apophthegm.
1519 3321 1623 3397 Lao.

235 3444 443 3544 Lycurg.
466 3444 527 3519 19.
548 3469 582 3542 p.
603 3443 713 3535 228.)

343 3585 525 3662 Corinthii
544 3587 695 3661 minime
715 3588 1006 3661 contemnebant
1024 3612 1108 3679 eos,
1126 3587 1191 3687 qui
1209 3588 1380 3664 manibus
1399 3602 1498 3665 artes
1518 3616 1623 3667 exer-

236 3714 391 3805 cebant,
419 3711 458 3787 id
478 3723 534 3786 est
554 3703 645 3794 τούς
660 3714 918 3806 χειροτέχνας.
950 3711 1202 3805 (Herodot.
1222 3715 1270 3807 II,
1293 3713 1401 3807 167.)

344 3855 455 3957 Apud
475 3854 668 3956 Sybaritas
688 3866 813 3931 autem
833 3856 863 3930 si
883 3855 964 3955 quis
985 3881 1125 3954 coquus
1146 3867 1210 3930 aut
1229 3858 1469 3957 opsoniorum
1488 3859 1625 3936 artifex

237 3981 423 4078 singulare
452 3980 601 4081 aliquod
621 3992 659 4054 et
678 3980 852 4057 eximium
881 3981 954 4055 cibi
982 4008 1103 4079 genus
1131 3981 1354 4073 invenisset,
1385 4008 1463 4056 non
1482 3982 1626 4059 licitum

238 4118 317 4182 erat
334 4106 397 4180 alii
417 4106 549 4181 eodem
578 4131 718 4205 genere
747 4105 801 4179 nti
830 4115 918 4180 ante
947 4107 1116 4205 elapsum
1144 4107 1233 4181 anni
1262 4107 1444 4205 spatium,
1472 4108 1539 4183 sed
1558 4137 1627 4211 per

237 4244 357 4306 totum
375 4230 411 4304 id
429 4241 577 4330 tempus
596 4231 661 4304 uni
679 4230 865 4306 inventori
884 4231 922 4305 id
944 4229 1085 4304 licitum
1113 4241 1210 4320 erat,
1240 4256 1315 4330 quo
1333 4232 1474 4330 primus
1492 4234 1624 4308 inven-

237 4369 295 4430 tor
314 4356 424 4429 etiam
444 4368 640 4455 quaestum
660 4381 705 4432 ex
731 4357 820 4431 artis
849 4381 937 4431 suae
966 4355 1141 4431 exercitio
1171 4367 1340 4456 caperet,
1369 4357 1506 4457 aliique
1526 4361 1624 4434 exci-

238 4492 404 4556 tarentur
433 4481 480 4556 ad
510 4507 663 4581 operam
693 4481 855 4556 dandam
883 4493 922 4554 ut
952 4481 1044 4556 alios
1062 4481 1101 4555 in
1131 4481 1201 4557 hoc
1229 4507 1367 4579 genere
1396 4497 1625 4584 superarent

238 4604 547 4700 (Athenaeus
565 4608 653 4702 XII,
676 4607 785 4700 521.)

825 4799 901 4882 Ad
921 4800 1037 4882 000.

345 4983 388 5059 ld
410 4996 484 5078 est,
506 4984 569 5081 qui
597 4985 642 5055 15
663 4985 888 5061 talentorum
908 4985 1021 5060 habet
1041 4986 1304 5078 substantiam,
1324 5013 1349 5060 a
1367 4985 1486 5062 tribus
1505 4989 1624 5064 talen·

237 5109 283 5182 tis
303 5109 414 5182 solvit
432 5108 764 5203 contributionem,
794 5138 859 5186 sen
880 5111 925 5185 de
946 5111 1074 5209 quinta
1093 5111 1307 5187 facrrltatum
1328 5124 1458 5209 parte.-
