3404 5782
158 352 236 427 438
622 372 930 427 counan'rnnrus
950 373 1002 422 nn
1023 372 1084 424 159.

157 566 238 644 duit
266 592 330 644 eos
358 569 397 643 in
426 566 620 644 consilium
650 565 828 643 adhibere
852 565 1130 642 Hermodorum
1149 562 1367 664 Ephesium
1398 563 1561 665 philoso-

156 686 289 794 phum,
318 719 429 795 quem
461 694 690 798 Pomponius
720 692 823 787 (lib.
853 692 889 766 2.
919 688 952 793 ξ.
983 694 1017 766 t.
1046 692 1091 765 D.
1122 690 1177 766 de
1207 690 1336 790 orig.
1363 691 1492 792 jur.)
1520 691 1562 766 ait

156 826 323 894 autorem
342 817 454 896 fuisse
475 820 561 899 XII.
583 819 817 911 tabularum,
845 816 988 893 Plinius
1015 825 1138 892 autem
1168 814 1382 912 (XXXIV,
1410 815 1486 909 11)
1513 817 1560 891 in·

155 953 358 1044 terpretem
378 954 489 1022 vocat
508 971 636 1023 earum
653 946 800 1044 legum,
833 970 925 1044 quas
944 941 1145 1019 decemviri
1163 940 1354 1019 ferebant.

263 1086 313 1164 ffi
334 1087 551 1184 decemviri,
575 1099 670 1166 teste
690 1085 870 1190 Dionysio
890 1085 958 1181 (X,
980 1088 1062 1181 57),
1092 1086 1194 1184 leges
1214 1086 1473 1190 conscriptas
1492 1097 1560 1163 tun

155 1239 175 1289 e
196 1211 428 1292 Graecorum
441 1214 549 1316 jure,
578 1225 657 1291 tum
676 1240 696 1290 e
716 1213 791 1289 suis
813 1211 979 1289 moribus
997 1238 1076 1288 non
1094 1211 1261 1312 scriptis,
1284 1212 1330 1286 in
1351 1212 1498 1290 decem
1514 1224 1559 1289 ta·

154 1340 254 1417 bulis
281 1340 436 1419 cuilib‘et
465 1339 746 1441 cognoscendas
784 1348 1079 1440 proposuerunt,
1120 1338 1290 1413 omnium
1324 1337 1558 1439 privatorum

155 1468 425 1544 correctionem
454 1466 712 1560 admittentes,
744 1476 782 1541 et
800 1464 872 1542 hoo
890 1474 1043 1564 agentes
1063 1474 1104 1538 ut
1121 1463 1225 1560 leges
1244 1462 1427 1565 scriptae
1450 1465 1558 1542 omni-

154 1591 224 1669 bus
243 1592 445 1692 placerent.
485 1592 631 1692 Diuque
650 1592 688 1666 in
708 1588 860 1693 publico
889 1616 972 1665 curn
992 1590 1138 1691 optimis
1158 1587 1385 1689 quibusque
1408 1590 1505 1666 viris
1522 1590 1558 1665 de

153 1715 198 1790 iis
216 1715 366 1815 legibus
386 1716 661 1810 consultarunt,
683 1740 745 1791 eas
764 1714 1038 1792 accuratissime
1059 1712 1333 1791 examinantes.
1372 1713 1462 1792 Ubi
1481 1742 1558 1791 vero

153 1843 257 1941 leges
285 1842 446 1942 scriptae
476 1841 578 1918 visae
609 1853 695 1916 sunt
720 1840 809 1918 satis
838 1841 934 1916 bene
960 1838 1119 1934 habere,
1149 1837 1320 1941 primum
1346 1853 1492 1919 coacto
1511 1867 1558 1918 ae·

153 1976 262 2062 natu,
284 1967 433 2044 nemine
452 1965 613 2069 amplius
635 1991 697 2042 eas
715 1964 818 2066 leges
839 1962 1156 2065 reprehendente,
1177 1966 1558 2045 senatusconsultum

153 2090 308 2192 deipsis
328 2091 507 2169 fecerunt.
532 2090 676 2168 Deinde
695 2091 838 2194 populo
859 2091 906 2167 ad
926 2090 1078 2167 comitia
1096 2089 1310 2167 centuriata
1330 2107 1557 2187 convocato,

153 2218 412 2318 pontificibus,
442 2217 667 2317 auguribus,
698 2215 851 2318 aliisque
871 2216 1127 2294 sacerdotibus
1145 2219 1454 2317 praesentibus,
1482 2248 1558 2297 cen·

152 2344 266 2444 turim
284 2346 323 2421 in
343 2346 521 2446 suffragia
539 2345 732 2422 miserunt.
770 2344 893 2442 Leges
921 2354 1044 2420 autem
1065 2341 1263 2444 plebiscito
1287 2370 1459 2448 quoque
1480 2373 1556 2424 con-

153 2472 315 2548 firmatas
335 2469 429 2548 etin
448 2470 566 2548 aereis
595 2469 777 2547 columnis
805 2470 961 2563 incisas,
990 2469 1028 2544 in
1054 2467 1136 2545 loco
1165 2467 1236 2544 fori
1265 2471 1453 2551 maxime
1480 2500 1556 2550 oon·

151 2595 280 2697 spicuo
300 2596 430 2673 ordine
450 2594 649 2698 dispositas
669 2605 953 2697 proposuerunt.

259 2720 426 2797 Tabulas
445 2732 570 2797 autem
590 2732 771 2799 vocarunt
789 2720 995 2796 imitatione
1015 2717 1330 2818 Atheniensium,
1364 2723 1437 2826 qui
1458 2723 1553 2802 Solo·

152 2845 209 2920 nis
228 2844 329 2940 leges
350 2843 495 2920 tabellis
514 2845 716 2945 insculptas
736 2844 976 2945 appellarunt
995 2831 1144 2932 ἄξονας.

258 2967 315 3044 Ex
327 2992 371 3044 eo
380 2993 456 3044 non
465 2968 579 3066 longe
595 2969 794 3044 abiverunt
804 2969 965 3045 Romani
983 2970 1020 3047 in
1040 2968 1202 3048 ferendis
1220 2969 1382 3071 legibus
1405 3003 1432 3054 a
1443 2976 1551 3056 Grae·

152 3118 277 3171 corum
294 3093 437 3168 ratione
449 3093 577 3192 legum
592 3092 875 3171 sciscendarum.
895 3096 1132 3192 Magistratus
1146 3121 1285 3198 nempe
1306 3098 1448 3201 legem
1467 3105 1551 3180 latu·

151 3203 213 3295 rus
233 3215 422 3295 scribebat
440 3242 523 3294 earn
543 3216 642 3293 domi
663 3229 803 3296 etcum
822 3221 951 3320 peritis
979 3222 1236 3318 consultabat,
1268 3250 1321 3302 ne
1351 3229 1453 3328 quid
1473 3255 1551 3306 con-

151 3355 209 3422 tra
226 3343 355 3445 populi
374 3369 451 3419 rem
470 3354 535 3420 aut
553 3343 783 3422 voluntatem
803 3347 982 3441 sanciret,
1002 3374 1049 3425 ne
1071 3348 1167 3426 forte
1187 3354 1414 3451 pugnantia
1433 3356 1549 3457 capita

152 3470 258 3547 simul
277 3469 399 3546 ferret.
438 3467 651 3569 Legislator
677 3471 802 3570 legem
824 3497 929 3548 suam
954 3473 1141 3551 referebat
1158 3475 1205 3552 ad
1225 3487 1437 3577 senatum,
1468 3479 1547 3556 ntis

151 3595 373 3672 sententiam
393 3595 438 3672 de
457 3621 502 3673 ea
521 3598 645 3674 ferret.
686 3598 831 3674 Deinde
850 3600 968 3675 lexin
987 3600 1138 3700 publico
1158 3600 1406 3700 ponebatur,
1438 3615 1480 3682 nt
1495 3605 1544 3680 in-

150 3722 332 3823 spiceret,
352 3723 415 3822 qui
434 3720 566 3817 vellet,
594 3723 739 3823 hocque
758 3750 825 3825 per
843 3725 959 3802 trinas
978 3727 1162 3804 nundinas
1188 3728 1467 3824 (trinundino)
1487 3730 1545 3806 dn·

151 3848 277 3943 rabat,
305 3858 347 3922 ut
376 3849 488 3924 etiam
507 3874 530 3924 a
549 3851 686 3927 rustica
704 3850 816 3953 plebe
836 3864 892 3928 ter
909 3852 985 3950 legi
1005 3852 1250 3953 cognoscique
1271 3868 1424 3953 posset.
1463 3857 1545 3932 Post

150 3974 278 4049 tertias
296 3974 482 4049 nundinas
501 3976 741 4073 magistratus
761 3978 944 4079 populum
962 3980 1203 4056 convocabat.
1232 3979 1296 4055 lbi
1314 4005 1410 4058 cum
1430 3984 1543 4083 legem

150 4122 285 4199 praeco
304 4099 514 4193 recitasset,
543 4111 622 4176 turn
651 4103 811 4201 primum
832 4102 980 4203 quidem
998 4105 1049 4199 is,
1079 4105 1142 4205 qui
1169 4104 1295 4202 legem
1324 4110 1541 4208 promulga-

149 4232 273 4316 verat,
303 4215 443 4324 populo
461 4223 666 4321 evadebat,
695 4238 737 4303 ut
764 4229 996 4326 rogationem
1026 4228 1231 4328 acciperet,
1259 4229 1333 4307 sed
1352 4248 1449 4335 post
1466 4260 1543 4312 enm

149 4346 229 4441 alii,
256 4373 331 4422 non
350 4348 486 4448 privati
504 4349 637 4446 modo,
666 4375 794 4428 verum
823 4337 937 4429 etiam
964 4353 1187 4454 quandoque
1206 4355 1462 4453 magistratus
1477 4359 1541 4462 ipsi

149 4473 211 4548 vel
229 4471 437 4549 evadebant
456 4474 516 4550 vel
536 4475 792 4552 diavadebant.
819 4477 897 4553 Lex
917 4489 1048 4579 rogata
1067 4505 1086 4555 e
1106 4479 1245 4579 majore
1264 4481 1446 4563 tribuum
1464 4511 1542 4564 cen·

148 4599 376 4674 turianumve
394 4623 549 4675 numero
568 4626 638 4698 per
656 4603 835 4698 suffragia
853 4603 914 4678 vel
932 4604 1195 4705 antiquabatur
1214 4605 1280 4682 vel
1299 4609 1540 4689 sciscebatur.

149 4723 250 4801 Soita
267 4734 379 4823 atque
398 4734 575 4826 accepta,
605 4729 770 4805 omnium
797 4729 935 4804 civium
957 4729 1203 4830 jurejurando
1222 4737 1541 4834 confirmabatur,

147 4861 190 4925 et·
203 4849 337 4925 deinde
356 4850 394 4924 in
414 4875 477 4926 aes
497 4852 738 4930 incidebatur.

253 4975 329 5053 Sed
348 4988 515 5052 cessante
536 4979 728 5079 republica
746 4981 905 5059 Romani
934 4984 1052 5059 multo
1080 4983 1277 5062 inferiores
1299 5003 1417 5070 erant
1435 4991 1542 5072 Athe·

146 5101 337 5177 aiensibus
355 5103 395 5177 in
415 5100 556 5178 ratione
577 5103 704 5203 legum
731 5105 985 5204 ferendarum,
1017 5107 1104 5209 quia
1120 5118 1210 5187 tunc
1229 5111 1362 5195 etiam
1374 5129 1540 5220 senatus·
