3436 5790
523 423 572 474 na
590 412 824 475 nuu'anmus.
844 430 879 453 -
897 415 1111 472 cuoascm.
1422 392 1504 470 239

774 609 862 689 929.
976 652 982 676 .

234 757 410 861 Singulos
428 758 545 835 altero
564 781 708 858 quoque
728 780 826 832 anuo
846 778 1003 831 munera
1020 754 1134 849 obire,
1145 765 1186 831 ut
1204 751 1394 831 dimidiam
1411 763 1502 832 tem·

128 888 227 990 poris
247 898 391 988 partem
410 886 483 962 sint
500 885 692 960 immunes.
773 990 847 1064 92¹

232 1131 302 1226 Μὴ
322 1129 394 1210 δύο
413 1135 649 1236 λειτουργίας
669 1134 913 1233 λειτουργεῖν.

707 1257 918 1352 (Demosth.
937 1256 1020 1334 adv.
1040 1257 1239 1360 Polyclem.
1263 1257 1396 1359 1209.)

774 1419 863 1496 921.

232 1549 351 1625 Nemo
369 1548 505 1627 debeat
524 1547 597 1625 duo
617 1568 772 1626 munera
789 1541 899 1621 simul
918 1543 1031 1619 obire.

713 1824 844 1902 Ἀρθρον
864 1827 905 1881 α’.

666 1941 734 1990 Χο
763 1953 868 2010 ρηγ
896 1935 960 1988 tm

724 2115 863 2167 articulus
884 2115 907 2166 1.

682 2223 949 2288 choragia

229 2513 404 2621 Χορηγάς
422 2521 525 2591 ἐστιν
550 2506 570 2589 ὁ
592 2521 671 2599 τοῖς
691 2513 909 2597 Διονυσίοις
937 2513 1004 2583 καί
1031 2519 1111 2594 τοῖς
1130 2511 1429 2596 Παναθηναίοις
1449 2508 1502 2606 τῷ

124 2641 229 2742 χορῷ
248 2640 318 2733 τῆν
339 2637 488 2742 τροφὴν
517 2642 787 2742 παρέχων’καί
819 2634 1031 2733 στεφάνους
1059 2640 1128 2709 καί
1153 2632 1306 2732 κόσμον
1333 2639 1401 2708 καὶ
1431 2629 1501 2708 ὅσα

130 2773 205 2866 περὶ
224 2764 296 2857 τὴν
313 2766 495 2857 τοιαύτην
515 2763 736 2870 πανάγυριν.
770 2793 773 2798 “

603 2893 742 2989 (Schol.
761 2893 801 2968 in
819 2890 1010 2968 Demosth.
1032 2876 1178 3011 Leptin}
1199 2887 1288 2984 465,
1309 2889 1395 2986 28.)

769 3054 858 3130 922.

229 3196 424 3299 Choragus
452 3210 527 3294 est,
567 3196 629 3298 qui
664 3197 760 3275 festo
788 3197 1054 3299 Dionysiorum
1088 3204 1125 3270 et
1153 3193 1501 3272 Panathenaeorum

115 3325 236 3403 choro
254 3327 392 3402 victum
410 3324 585 3427 praebet,
614 3349 791 3418 coronas,
820 3332 991 3398 omatum
1010 3319 1224 3418 etreliqua,
1252 3345 1348 3418 quae
1367 3321 1414 3397 ad
1432 3323 1498 3398 hu·

121 3452 282 3552 jusmodi
301 3450 553 3553 spectaculum
571 3450 772 3551 pertinent.

769 3603 858 3684 923.

232 3762 321 3842 Τοῖς
343 3759 566 3861 Θαργηλίοις
585 3750 697 3831 δυοῖν
716 3753 867 3850 Ι(ρυλαίν
894 3742 946 3840 είς
970 3747 1092 3854 μάνος
1119 3755 1354 3836 καθίσταται
1377 3783 1500 3860 χορη·

122 3879 208 3986 γὸς,
236 3892 315 3969 τοῖς
335 3880 372 3955 di
388 3879 570 3984 μεγάλοις
590 3883 828 3970 Διονυσίοις,
854 3876 1183 3981 Ἀνθεστηριῶνος
1197 3880 1319 3982 μηνὸς
1329 3943 1340 3976 ,
1368 3889 1498 3960 sisio·
1586 3958 1593 3969 ,

123 4036 186 4094 νος
211 4004 319 4107 αὐτῷ
347 4012 574 4111 γιγνομένης
603 4006 667 4098 τῆς
696 4004 882 4098 δαπάνης,
911 4002 970 4112 scic
992 4007 1161 4113 χορηγὸς
1189 4011 1348 4102 ἑκάστης
1376 4013 1498 4109 φυλῆς

122 4142 365 4213 καθίσταται.
595 4137 740 4233 (Schol.
761 4139 800 4214 in
820 4135 1008 4214 Demosth.
1029 4138 1177 4239 Leptin.
1198 4140 1286 4236 465,
1307 4141 1390 4233 27.)

762 4301 849 4378 923.

222 4425 335 4506 Festo
356 4407 641 4528 Thargeliorum
668 4424 762 4504 duae
787 4426 906 4504 tribus
934 4452 1049 4504 unum
1067 4426 1299 4507 solummodo
1319 4430 1496 4508 constitu·

118 4562 183 4630 unt
211 4551 434 4655 choragum3
462 4554 595 4632 sedin
622 4553 770 4653 Magnis
798 4553 1113 4651 Bacchanalibus,
1141 4580 1269 4633 mense
1298 4556 1495 4636 Antheste·

117 4676 239 4776 mone,
268 4703 352 4757 cum
369 4678 527 4782 majores
545 4676 737 4779 requirant
755 4690 943 4781 sumptus,
969 4679 1118 4780 singula
1136 4681 1255 4758 tribus
1273 4705 1388 4759 unum
1408 4710 1494 4760 con·

118 4806 236 4881 stituit
254 4808 467 4908 choragum.
761 4848 764 4852 ·

760 4912 848 4990 924.

217 5034 289 5114 Ἐν
316 5048 394 5125 τοῖς
421 5041 561 5126 Ληνοῒς
600 5033 854 5139 προβάλλεται
885 5033 1054 5141 χορηγὸς
1089 5035 1157 5135 ἀφ’
1187 5034 1346 5131 ἑκάστης
1373 5035 1494 5133 φυλῆς

117 5159 208 5263 πρὸς
226 5159 271 5239 τά
288 5171 439 5267 τρίφιιν
451 5159 599 5263 χοροάς
619 5161 768 5240 παίδων
795 5192 835 5238 τι
863 5167 931 5238 καί
958 5158 1123 5272 ἀνδρῶν.
1161 5165 1362 5267 Λαμβάνει
1383 5163 1422 5241 di
1441 5167 1493 5254 εἰς
