3436 5790
581 423 891 477 counaursmos
909 427 964 476 no
982 423 1046 479 ara
1065 423 1129 480 aar.
1473 405 1549 480 469

161 616 359 694 lotheta
387 609 530 710 (αὐτὸς
559 609 777 702 ἀθλοθέτης
806 615 1025 710 αἱρεθείς),
1055 616 1341 712 demonstravit,
1369 618 1556 719 quomodo

162 743 226 842 qui
245 753 453 837 certarent,
473 741 585 835 tibia,
606 765 697 817 voce
717 741 777 816 vel
798 741 934 817 fidibus
954 768 1089 819 canere
1109 743 1301 821 deberent.

270 885 434 960 Pericles
463 885 594 982 igitur.
630 885 800 982 quamvis
829 884 985 961 scenicis
1013 883 1110 961 ludis
1138 886 1365 986 praefuerit,
1397 885 1551 963 athlo-

162 1010 303 1086 theta
330 1018 492 1085 vocatur.

269 1153 313 1228 In
332 1152 597 1229 Demosthenis
619 1154 785 1230 oratione
806 1152 852 1229 de
872 1152 1021 1230 Corona
1040 1158 1096 1254 (p.
1119 1153 1352 1247 aot-aco)
1382 1179 1472 1230 vero
1501 1155 1550 1230 le·

161 1278 303 1376 gimus:
333 1278 437 1355 Dixit
455 1277 593 1354 Callias
614 1277 760 1380 placere
780 1279 926 1354 senatui
954 1279 1167 1380 populoque
1187 1290 1227 1354 ut
1246 1280 1435 1356 donentur
1455 1277 1551 1355 Cha-

162 1403 325 1479 ridemus
355 1413 391 1479 et
409 1401 597 1478 Diotimus
626 1427 739 1478 aurea
767 1428 925 1497 corona,
955 1415 993 1478 et
1020 1403 1261 1479 renuncietur
1279 1402 1552 1480 Panathenaeis

164 1528 310 1630 magnis
329 1529 368 1602 in
396 1528 626 1629 gymnico
656 1527 928 1604 certamine
958 1531 1021 1620 (ἐν
1047 1523 1103 1624 τῷ
1132 1523 1311 1628 γυμνικῷ
1342 1520 1485 1628 ἀγῶνι)
1515 1541 1553 1604 et

161 1652 370 1756 Dionysiis,
402 1652 589 1752 tragoedis
619 1652 738 1728 novis.
777 1651 1023 1729 Renunciatio
1052 1664 1177 1729 autem
1196 1679 1305 1731 curae
1326 1653 1374 1730 sit
1392 1654 1549 1730 thesmo-

161 1779 293 1868 thetis,
323 1778 544 1879 prytanibus
563 1791 601 1853 et
624 1778 960 1875 agonothetis.

269 1921 364 1997 Cum
392 1920 451 1996 hio
480 1922 526 1997 de
553 1920 785 2020 gymnico
819 1946 969 2020 quoque
998 1922 1274 1998 certamine
1303 1933 1456 2020 agatur,
1487 1918 1551 1996 de-

161 2048 331 2123 buissent
349 2045 460 2121 etiam
479 2045 707 2122 athlothetae
728 2047 1031 2142 commemorem
1060 2046 1264 2145 quodcum
1283 2073 1361 2123 non
1382 2048 1466 2140 fiat,
1488 2072 1549 2121 ve·

161 2172 329 2248 risimile
358 2183 415 2247 est
440 2169 795 2271 agonothetam
821 2181 857 2246 et
882 2168 1219 2247 athlothetam
1244 2198 1357 2247 unum
1376 2169 1550 2269 idemque

160 2296 369 2375 denotasse.

749 2451 825 2535 Ac
844 2453 961 2536 ³74.

268 2655 543 2758 Antiquissimis
565 2654 789 2756 reipublicae
811 2654 1042 2754 temporibus
1067 2654 1189 2754 potuit
1208 2653 1358 2754 quidem
1378 2653 1478 2747 lieri,
1508 2666 1549 2729 ut

160 2783 337 2879 suffragio
356 2794 571 2858 crearentur
590 2780 869 2881 sophronistae,
898 2780 993 2855 siout
1013 2779 1180 2881 plerique
1201 2780 1462 2879 magistratus,
1481 2778 1547 2855 sed

160 2909 311 2986 dilatata
332 2918 417 3008 post
436 2906 665 2983 Clisthenem
684 2905 925 2998 democratia,
946 2930 1042 3005 quae
1062 2917 1199 2980 sortem
1218 2906 1396 3007 praetulit
1414 2907 1545 2982 suffra-

158 3035 243 3136 gio,
272 3034 350 3110 veri
379 3032 498 3108 simile
525 3043 582 3108 est
600 3031 855 3132 sophronistas
875 3042 974 3108 sorte
992 3031 1105 3107 fuisse
1124 3043 1278 3108 creatos.

267 3175 324 3252 or.
344 3171 378 3276 ξ.
399 3173 620 3250 aar-ass.

269 3320 377 3395 Plato
406 3317 561 3394 Axioch.
590 3344 627 3416 p.
656 3316 754 3407 367,
783 3313 836 3391 A:
874 3312 963 3399 Πᾶς
991 3305 1012 3388 ὁ
1042 3312 1113 3388 τοῦ
1138 3315 1401 3410 μειρακίσκου
1430 3309 1547 3398 πόνος

159 3448 263 3519 ἐστὶν
285 3433 360 3516 ὑπὸ
381 3441 654 3537 σωφρονιστάς.
693 3440 925 3533 (Universus
941 3440 1210 3520 adolescentuli
1231 3442 1337 3517 labor
1355 3440 1545 3540 subjectus

159 3582 216 3648 cst
233 3567 549 3668 castigatoribus.)

268 3714 356 3788 Post
374 3711 552 3789 tredecim
571 3710 687 3787 tribus
707 3710 892 3786 institutas
911 3736 978 3787 sex
998 3712 1166 3802 luerunt,
1197 3722 1233 3787 et
1254 3710 1408 3787 totidem
1428 3711 1544 3810 hypo-

160 3839 430 3940 scphronistae.
459 3836 505 3911 V.
527 3833 639 3936 Oorp.
659 3835 824 3939 inscript.
843 3864 899 3936 gr.
920 3865 955 3913 n.
977 3839 1065 3913 272.
1086 3838 1174 3912 276.

267 3978 477 4055 Secundum
496 4003 631 4079 corpus
655 3977 820 4078 inscript.
848 4004 904 4077 gr.
925 3980 989 4055 Nr.
1010 3979 1087 4054 214
1116 3978 1374 4079 sophronistae
1404 3978 1545 4053 tardius

161 4105 330 4208 (Olymp.
355 4103 439 4193 115,
461 4102 507 4195 1)
526 4101 726 4195 curabant,
756 4128 804 4178 ne
832 4103 921 4203 quid
950 4104 987 4179 in
1012 4102 1209 4204 pervigilio
1230 4105 1333 4199 (περὶ
1352 4095 1425 4190 τὴν
1444 4128 1545 4177 παν-

162 4223 323 4321 νυχίδα)
342 4229 557 4328 petulanter
574 4238 758 4326 ageretur.

268 4370 508 4469 Magistratus
528 4369 757 4447 educationis
776 4382 884 4446 erant
902 4369 1015 4447 etiam
1034 4380 1221 4447 cosmetae
1242 4382 1279 4444 ot
1298 4369 1542 4472 hypocosme·

160 4509 219 4574 tae
237 4497 408 4597 subjecta
420 4497 502 4597 jam
520 4495 698 4571 Romanis
718 4493 884 4573 Graecia
923 4494 980 4571 Of.
1001 4494 1114 4597 Oorp.
1134 4495 1299 4594 inscript.
1318 4520 1375 4594 gr.
1395 4523 1431 4596 p.
1455 4496 1544 4572 375.

159 4621 305 4700 Deinde
325 4620 586 4721 paedotribae,
607 4621 669 4720 qui
689 4646 758 4722 per
777 4621 876 4697 vitae
897 4632 1044 4721 tempus
1064 4646 1216 4697 munere
1235 4619 1343 4721 fungi
1362 4621 1543 4699 solebant.

160 4747 254 4825 Ibid.
275 4773 310 4846 p.
332 4747 419 4820 385.

267 4887 484 4965 Charondas
504 4889 627 4987 legem
646 4914 669 4965 a
689 4891 843 4968 vetustis
862 4889 1168 4991 legumlatoribus
1193 4890 1443 4994 posthabitam
1462 4916 1544 4967 san·

160 5016 266 5107 civit,
297 5029 336 5091 ut
356 5042 485 5092 omnes
507 5016 644 5092 civium
664 5016 729 5092 filii
749 5016 787 5091 in
807 5015 917 5093 bonis
935 5012 1049 5093 literis
1069 5017 1365 5109 instituerentur,
1394 5016 1544 5093 civitate

161 5140 348 5244 stipendia
374 5140 561 5241 magistris
589 5154 778 5242 erogante.
816 5141 1068 5243 Prospexerat
1095 5145 1209 5234 enim,
1239 5143 1342 5236 illos,
1373 5141 1435 5239 qui
1454 5165 1544 5245 prae
