3436 5790
513 429 820 480 consummares
843 428 893 478 so
913 428 976 481 rsa.
996 427 1059 482 rar.
1078 428 1142 481 aar.
1445 408 1522 483 trs

132 639 199 714 per
217 617 498 716 magistratum,
520 620 566 696 ad
587 644 699 719 quem
718 620 895 696 indicatio
915 620 1098 716 defertur,
1125 623 1164 696 in
1184 622 1295 697 tertia
1314 633 1436 698 autem
1456 642 1524 727 por

131 739 252 840 ipsum
272 754 447 840 actorem.
487 748 585 821 Hinc
614 758 719 848 patet
747 748 784 821 in
812 746 868 823 his
898 746 1019 823 causis
1045 773 1118 822 non
1138 748 1252 828 fuisse
1272 750 1522 825 necessariam

131 866 356 943 citationem.
395 870 572 946 Probatio
600 881 745 966 autem,
777 899 881 949 reum
909 899 1040 957 revera
1068 871 1242 947 delictum
1273 874 1521 969 commisisse,

130 992 277 1069 nonnisi
297 1004 384 1094 post
403 994 483 1096 ejus
502 995 894 1096 comprehensionem,
924 997 1153 1096 exigebatur.
1277 1064 1283 1072 .

720 1225 796 1309 M
817 1227 932 1310 ⁷0³.
1006 1256 1008 1262 ’

237 1387 297 1465 Of.
318 1387 458 1467 Lexica
477 1390 630 1489 Seguer.
651 1419 687 1492 p.
709 1390 798 1466 254.

719 1619 796 1703 M
816 1622 931 1713 704.

237 1781 370 1858 Pollux
390 1782 495 1877 VIII,
518 1784 588 1859 bl:
609 1778 761 1859 ἀδικῶν
778 1813 833 1869 τις
853 1772 1053 1858 ἁλίσκεται
1076 1776 1098 1874 ii
1117 1776 1251 1882 ἄρχων
1265 1777 1295 1874 ἢ
1313 1777 1457 1882 ῥήτωρ.
1479 1843 1487 1860 .
1509 1840 1517 1856 .

129 1896 271 2001 ἂνμὲν
284 1902 419 2004 μέτρια
438 1900 591 1982 ἀδικεῖν
619 1904 740 2005 δοκῇ,
774 1897 937 2006 ἧβουλῆ
967 1916 1130 1984 ποιεῖται
1160 1911 1293 2008 ζημίας
1321 1903 1517 2006 ἐπιβολήν,

129 2020 182 2104 ἂν
200 2026 238 2102 δὲ
255 2031 396 2126 μείζω,
419 2027 651 2129 παραδίδωσι
673 2029 918 2133 δικαστηρίῳ.
949 2034 1010 2129 (si
1029 2035 1234 2136 iniquitatis
1254 2046 1433 2136 arguatur
1451 2019 1535 2114 aut'¹

128 2157 268 2234 archon
297 2168 361 2235 aut
388 2157 515 2235 rhetor
537 2160 740 2261 quispiam,
770 2163 800 2238 si
835 2160 1069 2238 mediocriter
1097 2160 1296 2263 deliquisse
1326 2158 1516 2254 videatur,

127 2293 276 2361 senatus
304 2284 464 2362 mulctae
493 2284 759 2386 irrogationem
787 2289 1000 2381 constituit,
1029 2288 1059 2362 si
1088 2315 1178 2364 vero
1202 2287 1377 2388 gravius,
1406 2284 1518 2363 tradit

127 2410 337 2505 tribunali.)
716 2512 792 2598 M
811 2502 912 2598 8⁰²

233 2678 391 2757 Suidas:
421 2679 653 2781 Et'ouyyelt'a
672 2691 710 2757 et
728 2675 855 2782 γραφή
877 2682 1065 2759 differunt.
1095 2680 1190 2757 Nam
1219 2673 1455 2795 illaquidem
1474 2679 1513 2756 in

126 2806 272 2905 magnis
291 2817 329 2881 et
348 2805 506 2907 publicis
526 2805 668 2884 delictis
693 2811 754 2905 fit,
783 2801 910 2910 γραφὴ
939 2835 1027 2884 vero
1056 2808 1167 2884 etiam
1184 2798 1224 2901 iu
1244 2804 1371 2908 parvis
1390 2805 1516 2897 locum

124 2929 248 3006 habet.
287 2931 441 3034 Proprie
468 2942 592 3009 tamen
620 2927 748 3034 γραφὴ
778 2945 935 3011 vocatur
962 2932 1152 3012 accusatio
1182 2957 1331 3029 eorum,
1362 2929 1425 3034 qui
1451 2906 1513 3005 dess

124 3066 227 3132 creta
244 3053 392 3155 legibus
412 3058 598 3149 contraria
616 3061 857 3165 scripserunt.
987 3112 992 3125 ·

229 3197 381 3277 Idem:
411 3200 643 3303 Eloayyett'a
663 3214 720 3281 est
737 3204 887 3306 proprie
900 3201 1102 3304 judicium,
1131 3200 1229 3302 quod
1261 3199 1307 3277 de
1327 3197 1514 3277 inusitatis

123 3334 161 3400 et
178 3322 340 3426 publicis
367 3324 511 3403 delictis
530 3352 553 3403 a
570 3326 794 3430 prytanibus
823 3327 1047 3433 instituitur,
1079 3326 1124 3403 de
1145 3326 1279 3428 quibus
1298 3324 1401 3423 leges
1421 3323 1514 3403 nihil

123 3450 258 3527 diserte
286 3451 555 3550 pronunciant,
582 3452 727 3554 judicia
754 3466 880 3530 tamen
910 3453 989 3529 fieri
1020 3451 1252 3554 permittunt.
1290 3447 1513 3553 Hujusmodi

122 3587 180 3651 est
207 3576 373 3675 quaestio
403 3575 449 3653 de
477 3575 621 3655 delictis
650 3606 727 3656 non
755 3558 924 3680 scriptis,
956 3577 1002 3654 de
1031 3576 1169 3678 quibus
1195 3577 1235 3653 in
1260 3575 1512 3676 sophistarum

122 3699 259 3778 scholis
279 3700 567 3780 declamationes
586 3702 716 3780 haberi
736 3701 868 3781 solent.

229 3841 370 3918 Eadem
389 3842 530 3920 habent
548 3844 688 3921 Lexica
705 3845 938 3944 Segueriana
956 3874 992 3947 p.
1015 3845 1113 3938 244,
1143 3854 1181 3920 et
1207 3843 1350 3920 scholia
1368 3844 1406 3919 in
1425 3844 1509 3919 Pla-

121 3969 220 4045 tonis
240 3968 371 4069 Remp.
392 3997 428 4070 p.
448 3966 565 4044 Bekk.
585 3967 676 4044 417.

46 4212 48 4216 ι
229 4111 408 4189 Pollux
426 4111 531 4203 VIII,
552 4112 730 4191 51-532
758 4113 1009 4191 Denuneiatio
1027 4112 1230 4189 constituta
1248 4120 1303 4186 est
1322 4111 1369 4186 de
1387 4112 1508 4212 publi-

119 4239 192 4332 cis,
213 4262 288 4312 non
308 4247 431 4313 tamen
450 4238 598 4339 scriptis
618 4240 843 4316 criminibus.
883 4238 992 4333 Quod
1013 4237 1244 4314 denuncians
1264 4247 1304 4313 et
1320 4260 1397 4311 nou
1416 4262 1504 4314 con·

120 4363 274 4438 vincens
293 4363 465 4438 immunis
487 4363 616 4456 fuerit,
645 4362 752 4442 docet
769 4354 984 4465 Hyperides
1003 4364 1041 4438 in
1060 4363 1157 4439 libro
1177 4361 1223 4438 de
1244 4362 1507 4466 Lycophrone.

119 4487 401 4588 Theophrastus
420 4498 552 4564 contra
570 4488 693 4583 tradit,
712 4488 867 4567 aliarum
886 4489 1073 4580 actionum
1092 4497 1238 4565 actores
1257 4486 1354 4580 mille
1374 4487 1507 4565 drach

118 4615 188 4689 mis
207 4624 246 4689 et
262 4612 419 4689 infamia
438 4612 625 4703 mulctari,
655 4614 686 4690 si
705 4638 781 4690 non
801 4615 932 4713 quinta
949 4613 1214 4717 suffragiorum
1227 4624 1339 4712 ‚parte
1359 4615 1505 4715 potian-¹

120 4751 200 4836 tur3
218 4738 491 4816 denuntiantes
510 4764 599 4818 vero
618 4767 694 4817 non
713 4741 908 4836 infamiae,
931 4737 996 4818 sed
1015 4741 1114 4817 mille
1134 4738 1394 4819 drachmarum
1413 4741 1506 4817 mul·
1619 4741 1623 4749 ’

118 4877 215 4944 ctam
234 4866 470 4966 persolvere;
498 4866 717 4969 videturque
744 4866 817 4958 hoe
844 4876 996 4968 postea,
1024 4876 1178 4968 propter
1196 4865 1331 4943 frivole
1350 4865 1505 4965 quemli-

118 4993 182 5070 bet
200 4992 463 5069 denuntiantes
482 4992 700 5095 adjunctum
718 4994 844 5070 fuisse.

224 5136 281 5220 Cf.
303 5136 521 5242 Syriunurn,
542 5136 688 5247 Sopatr.
709 5137 1037 5222 eructatum
1056 5077 1283 5242 Hermogen.
1304 5144 1386 5215 stat
1407 5136 1507 5236 2603
