3436 5790
167 415 246 489 032
624 438 934 490 commaneamus
950 438 1005 489 sn
1023 431 1087 490 sos.

167 638 318 703 ventum
337 628 376 702 in
395 627 521 704 dotem
544 627 691 705 illarum
719 628 947 729 impendere.
986 621 1389 737 Pentaeosiomedimni
1408 643 1500 695 vero
1520 629 1558 694 et

166 753 308 853 equites
344 754 584 854 paucissimas
622 754 814 831 hebebant
839 756 879 829 in
906 755 1037 830 infimo
1075 752 1205 828 ordine
1239 759 1422 847 oogrmtas
1462 745 1557 822 filias

166 879 425 975 hereditariam
449 882 557 957 facile
577 892 751 982 poterant
769 880 883 977 igitur
901 905 1050 955 omnem
1069 878 1264 954 minimum
1281 874 1371 950 anni
1391 897 1555 973 proven·

165 1014 242 1078 tum
267 1029 335 1102 pro
361 1004 447 1079 dote
468 1007 576 1098 dare,
606 1007 694 1106 quia
721 1007 792 1080 hoo
820 1005 1005 1081 rarissime
1035 1005 1160 1080 fiebat
1198 1001 1413 1098 Legislator
1430 999 1558 1096 itaque

164 1154 286 1228 aequo
315 1139 352 1204 et
378 1131 479 1207 bono
509 1130 641 1207 duotus
669 1130 882 1223 constituit,
919 1141 961 1204 ut
988 1133 1185 1230 jugatores
1215 1127 1292 1199 150
1320 1121 1557 1201 solummodo

165 1253 361 1329 drachmas
380 1255 477 1329 dotis
496 1255 850 1355 instar'penderent.

271 1378 340 1455 Vir
358 1379 585 1455 clarissimus
613 1378 720 1472 dioit,
749 1381 782 1453 si
802 1380 1024 1479 jugatorum
1052 1377 1227 1452 minimus
1256 1383 1464 1476 proventus
1488 1371 1555 1446 du·

164 1515 291 1579 oentas
310 1504 494 1580 effecisset
512 1514 705 1597 metretas,
734 1503 932 1580 discrimen
961 1504 1058 1578 inter
1087 1512 1311 1603 proventum
1334 1499 1553 1600 jugatorum

164 1641 201 1704 et
218 1631 386 1730 equitum
405 1629 662 1705 multominus
685 1630 834 1724 fuisset,
864 1656 977 1729 quam
1005 1630 1102 1705 inter
1132 1637 1359 1728 proventum
1388 1625 1554 1724 equitum

165 1764 201 1831 et
220 1755 719 1855 pentacosiomedimnorum.

271 1878 461 1955 Oouoesso
479 1880 552 1956 hoo
576 1890 819 1977 argumento,
848 1906 924 1954 non
953 1882 992 1954 in
1020 1876 1463 1979 centumquiuquaginta,
1490 1871 1553 1949 sed

165 2004 394 2085 solummodo
413 2006 452 2080 in
472 2015 621 2080 centum
641 2007 806 2080 metretis
826 2005 980 2080 deberet
1009 2006 1184 2080 constitui
1206 2005 1430 2104 jugatorum
1446 1999 1552 2074 mini·

164 2158 246 2206 mus
273 2143 498 2231 proventus,
538 2143 579 2207 ut
607 2129 776 2206 ducentis
803 2133 970 2207 metretis
998 2132 1120 2207 minus
1149 2131 1349 2206 videantur
1377 2126 1552 2203 habuisse

165 2282 274 2355 quam
294 2257 455 2356 equites,
484 2256 572 2355 quia
599 2256 636 2330 hi
665 2282 812 2356 quoque
844 2257 999 2332 totidem
1028 2257 1193 2332 metretis
1221 2257 1343 2331 minus
1362 2252 1554 2327 habebant

165 2407 275 2479 quam
295 2381 701 2483 pentocosiomedimni.

272 2508 353 2606 Ego
381 2510 492 2606 igitur
520 2507 632 2582 fidem
662 2506 782 2581 habeo
812 2508 978 2582 fontibus
1006 2508 1172 2605 graecis,
1200 2531 1355 2605 quorum
1384 2503 1551 2580 urmnimi

155 2658 348 2738 »consensu
361 2634 580 2734 jugatorum
599 2634 770 2707 minimus
790 2644 994 2733 proventus
1024 2633 1203 2707 ducentas
1224 2634 1400 2707 effecerat
1417 2639 1551 2703 metre-

163 2769 230 2832 tas.
268 2757 465 2858 'Pontoque
493 2760 612 2857 magis
640 2757 821 2833 assentior
849 2757 913 2850 iis,
944 2757 1042 2857 quod
1062 2757 1236 2832 minimus
1256 2755 1551 2856 pentacosiome·

163 2882 375 2957 dimnorum
394 2895 600 2982 proventus
621 2908 707 2956 oum
725 2883 880 2956 minimo
899 2883 1061 2982 equitum
1081 2896 1118 2957 et
1130 2884 1349 2982 jugatorum
1368 2890 1550 2983 proventu

164 3005 271 3081 simul
291 3017 441 3105 sumpto
460 3007 592 3082 mirum
603 3008 641 3081 in
653 3007 806 3082 modum
820 3009 1039 3082 consentiat.
1060 3006 1490 3097 300÷200ds=500
1498 3002 1550 3080 dr.

272 3148 508 3228 Clarissimus
526 3144 684 3250 {quidem
713 3150 1009 3226 Schoemannius
1037 3151 1126 3226 dicit
1154 3149 1548 3248 (Verfassungs-

164 3273 469 3351 Geschiohte
498 3276 688 3355 Athen's
717 3305 752 3377 p.
774 3278 866 3369 24),
895 3304 1026 3353 omnes
1053 3304 1209 3375 graecos
1239 3277 1460 3377 scriptores,
1490 3276 1550 3375 qui

164 3399 243 3473 200
261 3412 523 3493 metretarum,
551 3429 627 3502 quo
654 3402 795 3477 minimi
817 3404 1037 3501 jugatorum
1065 3412 1293 3502 proventus,
1321 3404 1550 3478 mentionem

164 3527 326 3618 faciunt,
355 3552 399 3601 ex
428 3552 504 3601 uno
533 3528 738 3626 eodemque
755 3528 993 3628 ,potuisse
1022 3528 1168 3603 haurire
1187 3528 1310 3620 fonte,
1341 3528 1405 3627 qui
1424 3539 1549 3603 tamen

162 3651 202 3726 in
232 3677 356 3727 errore
384 3663 585 3751 poterat
612 3654 766 3728 versari.
804 3651 879 3728 Sed
906 3653 977 3729 hoo
1006 3651 1155 3728 difficile
1184 3665 1242 3729 est
1260 3653 1444 3753 probatu;
1473 3665 1550 3727 eta

160 3802 309 3877 posse
336 3776 385 3851 ad
413 3802 522 3851 esse
550 3804 627 3853 non
647 3779 747 3852 valet
765 3790 1035 3875 argumentum.

270 3897 460 3994 Alterum,
489 3902 588 4000 quod
616 3902 655 3977 in
684 3902 851 3977 doctrina
869 3903 1074 3979 doctissimi
1092 3901 1273 3978 Boeokhii
1291 3901 1550 3978 difficultatem

165 4025 297 4117 habet,
329 4038 385 4101 est
404 4028 633 4128 computatio
652 4027 749 4102 illius
768 4055 901 4103 oensus
930 4029 1066 4130 partis,
1096 4027 1142 4102 de
1162 4054 1236 4127 qua
1255 4029 1439 4103 tributum
1457 4054 1548 4129 pen·

163 4150 328 4225 dendum
348 4164 436 4227 erat
474 4154 545 4228 Ille
572 4179 708 4253 nempe
738 4153 931 4228 minimum
957 4155 1137 4254 oujusque
1166 4154 1294 4229 elassis
1325 4172 1551 4254 proventum

162 4303 230 4377 per
250 4278 299 4349 12
319 4278 560 4378 multiplicat,
589 4293 632 4355 ut
650 4291 769 4355 totum
796 4281 934 4355 efficiat
960 4306 1124 4356 censum
1163 4277 1221 4354 Ad
1239 4279 1336 4356 hano
1355 4292 1548 4381 eomputa-

163 4395 1550 4505 tionisnormamoensuspentaeosiomedimnorumcomplectebatur6000

163 4529 390 4621 (500)(12)
419 4529 615 4605 drachmas
627 4533 830 4631 e,quitum
861 4532 966 4606 3600
994 4532 1222 4624 (300><12)
1241 4531 1308 4625 dr.,
1337 4543 1376 4606 et
1395 4532 1548 4631 jugato-

161 4680 244 4729 rum
264 4654 367 4728 1800
382 4656 612 4752 (150)(12)
623 4656 688 4749 dr
709 4657 913 4733 seeundum
932 4658 1176 4752 Boeokhium,
1197 4659 1303 4731 2400
1320 4656 1549 4750 (200)(10)

163 4780 228 4875 dr,
256 4795 382 4856 autem
401 4781 603 4856 secundum
621 4792 787 4858 nostram
805 4786 1038 4859 sententiam.

269 4907 337 4982 His
356 4907 569 5006 praemissis
588 4906 678 4981 dicit
695 4908 921 4984 clarissimus
950 4911 1028 5002 vir,
1055 4909 1483 5008 pentacosiomedimnos
1501 4908 1548 4984 de

161 5032 263 5107 omni
279 5057 412 5124 sensu,
443 5033 583 5130 equites
602 5048 728 5108 autem
746 5035 893 5126 nonnisi
915 5034 961 5108 de
981 5036 1160 5111 dextante
1179 5038 1235 5110 sui
1253 5062 1409 5129 census,
1436 5049 1474 5111 et
1486 5036 1546 5134 ju-

161 5168 311 5239 mturres
326 5155 556 5231 solummodo
575 5157 621 5232 de
641 5158 791 5232 dimidia
810 5171 848 5234 et
866 5159 1175 5258 duodevigesima
1200 5186 1334 5239 census
1354 5174 1461 5262 parte
1480 5162 1547 5252 (s)

412 5288 440 5343 ra
