3436 5790
510 381 819 432 commaneamus
838 377 891 428 An
911 375 975 430 9³4.
996 375 1059 430 aas
1080 375 1142 429 sar.
1161 374 1224 429 9⁴2.
1479 350 1556 427 539

754 562 831 647 M
852 565 969 649 0³4.

275 731 611 832 Harpocratio
642 758 668 807 s.
691 760 724 806 v.
759 724 953 824 ereptant:
982 732 1068 808 Non
1096 728 1213 804 solum
1239 738 1468 827 spectatores
1488 751 1553 827 sp-

167 855 356 955 pellantur
378 858 519 950 θεωροί
530 909 541 943 ,
571 857 636 932 sed
657 855 768 931 etiam
789 857 851 955 qui
871 855 918 930 ad
940 857 1091 934 oracula
1119 854 1371 931 mittebantur.
1408 851 1471 929 Sic
1489 876 1554 952 ap-

168 980 361 1081 pellabant
380 982 490 1056 etiam
510 1009 638 1057 omnes
658 1007 783 1057 rerum
808 979 1018 1056 divinarum
1037 979 1210 1056 custodes
1230 990 1267 1054 et
1286 987 1557 1078 procuratores.

158 1095 265 1200 Ὤρη
285 1107 382 1180 enim
403 1132 531 1181 curam
550 1108 747 1205 significat.

275 1229 437 1307 Suidas:
478 1233 684 1326 θεωροὶ,
724 1230 761 1302 oi
789 1231 842 1314 εἰς
872 1231 1019 1304 θυσίαν
1047 1222 1281 1329 πεμπόμενοι
1310 1229 1380 1299 καὶ
1410 1219 1556 1309 εἰςτὰς

169 1348 309 1449 ἑορτάς.
349 1357 524 1456 (Legati,
563 1359 625 1458 qui
659 1357 923 1433 sacrificiorum
952 1365 990 1430 et
1017 1351 1227 1432 solennium
1255 1379 1368 1432 eausa
1397 1352 1555 1430 deduce·

169 1479 339 1573 bantur.)
1226 1554 1230 1565 .

276 1606 415 1681 Eadem
445 1606 558 1683 habet
588 1606 795 1682 Scholiasta
820 1606 857 1679 in
878 1604 1117 1705 Aristophan.
1148 1605 1296 1685 Pacem.
1317 1604 1407 1699 342,
1437 1603 1556 1706 Hesy-

170 1729 272 1806 chius
293 1745 330 1804 et
349 1729 569 1807 Ammonius
588 1733 626 1805 in
645 1729 826 1806 different.
848 1755 927 1804 voc.
949 1729 1010 1803 69.

756 1940 832 2023 Ad
853 1941 968 2022 935.

277 2087 410 2165 Aetate
430 2089 579 2166 Solonis
608 2091 770 2190 populns
798 2091 836 2162 in
865 2089 1114 2188 quadraginta
1142 2099 1226 2163 octo
1252 2088 1467 2162 nancrarias
1487 2086 1558 2161 fuit

169 2214 328 2308 divisim,
359 2215 409 2289 ita
438 2227 478 2289 ut
505 2215 737 2312 singularum
765 2214 927 2291 tribuum
958 2214 1154 2290 duodenae
1185 2224 1309 2288 essent
1327 2211 1556 2289 naucrariae.

169 2338 329 2415 Tardius
348 2338 559 2417 Clisthenes
576 2339 856 2415 nancrariarum
876 2364 1069 2413 numerum
1088 2339 1207 2431 auxit,
1227 2349 1270 2415 ut
1286 2338 1558 2439 quinquaginta

170 2465 322 2557 fierent,
351 2464 485 2563 quinae
506 2492 525 2539 e
545 2465 702 2562 singulis
722 2464 849 2539 decem
870 2462 1051 2540 tribubus.

277 2587 399 2663 Photii
420 2590 509 2664 Lex.
540 2590 580 2658 N
586 2589 850 2683 αυκραρία.
881 2591 1140 2674 Κλεισθένους
1169 2583 1263 2661 δέκα
1291 2581 1417 2680 φυλὰς
1442 2582 1556 2674 ποιη-

170 2734 306 2797 σαντος
326 2707 414 2785 ἀντὶ
433 2710 511 2786 τῶν
530 2708 743 2809 τεσσάρων,
774 2714 913 2809 συνέβη
926 2717 1005 2795 ,καὶ
1025 2715 1078 2801 εἰς
1098 2708 1339 2802 acesinem
1354 2715 1450 2811 μέρη
1469 2706 1556 2784 δια-

169 2835 349 2938 ταγηναι·
378 2834 501 2913 ταῦτα
522 2835 559 2913 δὲ
579 2834 753 2913 ἐκάλουν
773 2841 1022 2937 ναυκραρίας.

755 3049 831 3132 aa
854 3053 968 3157 ear.

279 3217 308 3291 Ε
329 3216 548 3316 Thucydide
569 3220 638 3312 (ΙΙ,
663 3220 733 3310 13)
755 3229 792 3294 et
810 3219 1062 3318 Xenophonte
1084 3215 1224 3310 (Anab.
1246 3216 1331 3311 v11,
1355 3217 1389 3308 1,
1409 3217 1481 3309 27)
1502 3216 1554 3290 vi-

170 3342 278 3416 detur
307 3342 428 3439 primo
458 3368 556 3417 anno
585 3342 674 3419 belli
695 3344 1006 3444 Peloponnesiaci
1028 3343 1276 3421 Athenienses
1304 3343 1454 3421 nonnisi
1483 3354 1554 3418 tre·

171 3476 297 3542 centas
327 3467 494 3544 triremes
520 3471 705 3546 habuisse.
745 3471 823 3546 Etsi
850 3481 974 3546 tamen
995 3498 1055 3546 res
1072 3471 1125 3545 its
1144 3495 1183 3546 se
1203 3469 1379 3558 haberet,
1406 3471 1470 3545 vix
1489 3497 1554 3544 vo·

170 3591 332 3665 caverim
351 3592 583 3688 indubium,
614 3595 908 3695 quadringentos
938 3596 1050 3675 fuisse
1069 3595 1271 3695 quotannis
1288 3606 1411 3673 aetate
1428 3596 1555 3672 Xeno·

171 3715 323 3815 phontis
342 3718 480 3794 electos
498 3720 728 3797 trierarchas.
767 3717 925 3796 Centum
957 3721 1056 3799 enim
1076 3718 1300 3797 trierarchae
1319 3720 1359 3795 in
1377 3721 1556 3795 societate

171 3867 254 3916 oum
274 3843 356 3918 aliis
374 3844 585 3922 trierarchis
604 3856 780 3946 poterant
798 3847 968 3924 triremes
988 3848 1181 3924 instruere.

277 3968 582 4067 Quadringentos
601 3969 716 4046 fnisse
735 3971 782 4047 de
802 3973 885 4069 lege
904 3971 1147 4064 trierarchos,
1168 3973 1389 4049 confirmare
1409 3969 1557 4047 videtur

170 4092 280 4167 etiam
300 4090 448 4185 Strabo,
469 4093 557 4169 dum
577 4095 667 4169 dicit
685 4097 818 4197 (hep.
832 4097 931 4189 395)
953 4094 1096 4173 Piraeei
1115 4096 1249 4171 navale
1269 4096 1423 4192 dignum
1441 4094 1555 4170 fnisse

171 4217 453 4317 quadringentis
481 4219 553 4295 illis
579 4220 757 4315 navibus3
795 4247 917 4322 neque
948 4222 1049 4299 enim
1078 4220 1317 4322 paucioribus
1347 4221 1556 4299 constitisse

171 4341 455 4419 Atheniensium
475 4344 641 4422 classem.

757 4448 833 4531 Λᾶ
854 4451 969 4532 042.

277 4597 543 4697 Harpocratio:
568 4594 890 4696 Τριηράρχημ
901 4627 938 4687 α,
958 4596 1003 4675 τὸ
1023 4601 1077 4684 εἰς
1096 4593 1168 4687 την
1185 4599 1435 4695 τριηραρχίαν
1454 4591 1555 4671 ἀνά-

171 4723 300 4813 λωμα·
329 4716 649 4824 ἐπιτριηράρχημα
679 4721 717 4798 δὲ
745 4719 790 4796 cd
818 4717 1132 4817 ἄναλισκόμιαοιι
1156 4719 1255 4819 μετὰ
1277 4721 1350 4799 τὸν
1368 4720 1432 4812 τῆς
1448 4751 1555 4817 τριη-

171 4846 331 4943 ραρχίας
345 4841 505 4939 χρόνον.
544 4849 847 4942 (Trierarchema
874 4862 960 4926 sunt
983 4861 1152 4951 sumptus
1171 4852 1210 4927 in
1229 4850 1481 4929 hierarchiam
1500 4850 1554 4925 la·

171 4973 240 5067 cti3
270 4971 598 5072 epitriersrohema
622 5002 712 5049 vero
732 4976 906 5073 estquod
935 4974 1157 5077 expenditur
1185 4977 1291 5053 finito
1319 4973 1555 5051 hierarchiae

172 5098 370 5196 tempore.)
