3436 5790
738 400 927 454 OLYMPIA.

771 595 883 669 1255.

248 730 388 810 Οὐκέτι
409 731 545 834 άριστά
557 793 569 826 ,
599 732 839 826 πεντάθλους
858 739 1080 836 ἐσέρχεσθαι
1101 730 1246 819 παῖδας.

1028 862 1209 956 (Pausan.
1229 859 1276 954 V,
1297 859 1332 954 9,
1354 859 1411 953 1.)

769 973 882 1048 1255.

246 1114 331 1188 Non
352 1113 510 1217 amplius
529 1116 673 1218 placet,
702 1127 743 1194 ut
769 1117 808 1191 in
831 1115 1059 1217 quinquertil
1078 1121 1265 1191 certamen
1290 1105 1516 1188 descendant

135 1264 255 1338 pueri.
983 1306 989 1316 .

780 1348 893 1425 1256.
930 1371 931 1375 ’

247 1495 292 1564 M
297 1485 357 1579 ήτι
376 1486 521 1578 κάλπης
539 1490 611 1565 τοῦ
631 1488 769 1566 λοιποῦ
786 1486 881 1590 μήτε
900 1488 1044 1583 άπὴνης
1064 1492 1219 1566 ἔσεσθαι
1239 1485 1394 1586 δρόμον.

1034 1618 1212 1713 (Pausan.
1233 1617 1280 1712 V,
1301 1619 1337 1709 9,
1358 1614 1413 1708 1.)

771 1728 884 1803 1256.

247 1869 282 1944 Ν
285 1893 304 1945 e
323 1871 361 1944 in
381 1882 572 1972 posterum
590 1872 651 1947 vel
670 1872 795 1972 calpes
815 1870 875 1946 vel
895 1896 1034 1971 apenes
1060 1896 1169 1948 cursu
1189 1866 1439 1946 contendatur.

770 2030 884 2106 1257.

242 2166 312 2243 Ἐν
331 2169 386 2269 τῷ
402 2172 661 2269 βουλευτηρίῳ
680 2174 759 2246 ἐστὶ
779 2165 875 2255 Ζεάς
895 2166 1067 2269 Ὅρκιος.
1100 2167 1216 2270 Παρά
1245 2168 1372 2269 τούτῳ
1397 2173 1520 2243 καθέ-

139 2321 251 2384 στηκε
270 2306 348 2382 τοῖς
368 2291 551 2386 ἀθληταῖς
571 2301 639 2370 καί
660 2294 845 2395 πατράσιν
861 2292 992 2371 αὐτῶν
1010 2301 1078 2370 καί
1100 2292 1294 2390 ἀδελφοῖς,
1315 2296 1368 2368 ἔτι
1389 2290 1426 2367 δὲ
1447 2320 1519 2396 γυ-

134 2429 341 2517 μνασταῖς,
371 2425 430 2495 ἐπί
450 2418 602 2519 κάπρου
621 2419 894 2518 κατόμνυσθαι
914 2424 1059 2520 τομίων
1084 2418 1205 2519 μηδὲν
1224 2426 1260 2505 ἐς
1278 2415 1349 2493 τὸν
1372 2414 1520 2514 Ὀλυμ-

140 2549 238 2621 πίων
266 2543 398 2648 dyona
432 2550 586 2622 ’ἔσεσθαι
606 2556 692 2647 παρ’
719 2545 851 2624 αὐτῶν
869 2545 1137 2650 κακούργημα.
1176 2547 1222 2621 Οί
1252 2543 1290 2620 δὲ
1322 2537 1455 2642 ἄνδρες
1484 2544 1520 2616 οἱ

140 2666 304 2762 άθληταί
324 2676 392 2745 καί
412 2670 498 2747 τάδε
519 2674 572 2746 ἔτι
592 2672 976 2770 προσκατόμνυνται,
1006 2670 1099 2746 δέκα
1118 2669 1251 2767 ἐφεξῆς
1266 2668 1404 2769 μηνῶν
1422 2664 1520 2758 άπη-

141 2796 361 2895 κριβῶσθαί
381 2823 486 2892 σφισι
505 2795 552 2874 τά
574 2797 697 2875 πάντα
717 2806 752 2888 ἐς
772 2793 947 2892 άσκησιν.

1006 2909 1186 3003 (Pansan.
1206 2908 1251 3005 V,
1273 2909 1335 3004 24,
1357 2909 1413 3001 9.)

779 3019 892 3094 1257.

246 3161 291 3234 In
319 3161 421 3235 ouria
449 3172 505 3236 est
532 3162 640 3236 Jovis
668 3162 837 3259 signum,
873 3160 1127 3260 Jurisjurandi
1158 3158 1336 3235 Vindicis.
1385 3159 1522 3235 Coram

141 3285 209 3360 hoo
229 3285 382 3361 solenne
403 3298 459 3361 est
477 3286 625 3361 athletis
645 3285 833 3380 omnibus,
854 3310 1053 3384 eorumque
1072 3284 1309 3386 parentibus,
1331 3283 1520 3376 fratribus,

140 3409 325 3510 gymnasii
344 3410 550 3508 magistris,
581 3438 693 3511 super
724 3410 862 3486 exsecti
890 3409 965 3485 suis
994 3407 1151 3485 testibus
1180 3410 1304 3484 verbis
1330 3409 1521 3508 conceptis

142 3535 329 3634 dejerare,
359 3534 452 3609 nihil
480 3562 519 3610 se
551 3535 692 3611 fraudis
719 3534 903 3629 facturos,
931 3534 1129 3634 quominus
1149 3532 1335 3634 Olympici
1354 3532 1432 3609 ludi
1450 3533 1519 3609 rite

142 3662 242 3734 fiant.
280 3659 451 3739 Athletae
479 3673 603 3737 autem
631 3661 701 3736 hoc
730 3660 889 3762 amplius
911 3661 1060 3761 jurant,
1090 3686 1129 3735 se
1159 3659 1289 3735 decem
1319 3667 1522 3761 perpetuos

141 3809 285 3860 menses
313 3797 484 3860 accurate
512 3785 730 3880 meditatos,
761 3811 856 3885 quae
885 3784 933 3862 ad
953 3784 1255 3862 exercitationem
1273 3784 1523 3887 requiruntur.

777 3948 888 4023 1258.

238 4079 516 4162 Ἑλλανοδίκαι
545 4091 644 4162 εἰσὶν
671 4080 854 4186 άρχοντές
881 4117 979 4177 τινες
1001 4084 1172 4165 Ἠλείων
1200 4092 1237 4164 ol
1268 4087 1456 4174 διέποντες
1474 4082 1521 4161 τά

140 4209 238 4287 κατά
257 4209 328 4288 τὸν
348 4207 479 4316 ἀγῶνα
497 4211 576 4288 τῶν
599 4210 835 4312 Ὀλυμπίων.
874 4214 1085 4307 Δικάζουσι
1106 4213 1144 4290 δὲ
1163 4225 1242 4301 τοῖς
1269 4246 1308 4290 τε
1336 4210 1521 4306 ἀθληταῖς

140 4343 207 4411 καί
235 4348 314 4423 τοῖς
343 4331 472 4424 άλλοις
501 4334 749 4441 ἀγωνισταῖς,
779 4345 848 4414 καί
877 4339 1145 4441 προκάθηνται
1175 4347 1218 4416 ἐν
1245 4339 1299 4440 τῷ
1328 4335 1449 4446 άγῶνι
1478 4346 1521 4416 ἐν

141 4467 382 4566 πορφυρίσιν.
772 4469 944 4563 (Beklrer
963 4468 1103 4548 Anecd.
1123 4495 1179 4569 gr.
1200 4471 1228 4547 1.
1247 4496 1283 4571 p.
1303 4468 1414 4562 248.)

777 4633 889 4709 1258.

244 4755 513 4832 Hellanodicae
533 4769 620 4833 sunt
639 4755 815 4834 Eleorum
831 4758 1091 4856 magistratus,
1120 4758 1182 4858 qui
1200 4759 1327 4835 omnia
1344 4757 1519 4856 dirigunt,

139 4908 233 4980 quae
253 4881 299 4957 ad
319 4883 522 4958 certamina
541 4882 741 4984 Olympios
759 4895 942 4985 spectant.
980 4883 1007 4957 J
1010 4910 1052 4959 us
1082 4883 1207 4960 dicunt
1231 4896 1354 4960 autem
1373 4883 1521 4960 athletis

139 5018 174 5083 et
193 5006 345 5105 reliquis
374 5007 412 5081 in
441 5019 628 5085 certamen
648 5008 981 5105 descendentibus3
1008 5010 1296 5111 praesidentque
1328 5010 1520 5087 certamini

138 5145 241 5209 veste
260 5159 449 5234 purpurea
470 5134 598 5212 induti.
