3404 5782
171 369 253 481 381
721 389 1013 458 ιοεευεοιοοει.

811 582 925 711 uua

280 720 381 814 Tatio
400 721 436 805 δ’
451 721 723 828 ἀνδροφόνους
741 731 880 818 ἐξεῖναι
901 719 1155 835 ἀποκτείνειν
1167 729 1210 802 ἐν
1226 715 1475 827 τῇιῆμεδατιῇ
1492 728 1559 802 καί

169 845 354 957 ἀπάγειν,
383 855 642 950 λυμαίνεσθαι
673 849 712 928 δι’
737 847 816 951 μὴ,
849 847 945 963 μηδὲ
975 846 1169 951 όιιοινᾷν,
1198 844 1222 944 ἢ
1248 838 1418 928 διπλοιῖν
1446 842 1559 946 όφεί-

168 980 261 1067 λειν,
289 970 385 1053 ὅσον
404 971 456 1054 dv
473 975 734 1080 καταβλάψῃ·
765 970 954 1078 εἰσφέρειν
973 973 1012 1052 δέ
1031 973 1123 1063 τούς
1143 969 1337 1076 ἄρχοντας
1348 1034 1359 1067 ,
1388 965 1449 1053 ὧν
1466 981 1558 1051 ἐκα-

169 1122 249 1177 στοι
270 1100 452 1179 δικασταί
469 1105 556 1195 τίοι,
574 1102 634 1204 τῷ
647 1105 895 1206 βουλομένῳ·
924 1098 995 1194 τὴν
1012 1100 1048 1177 δ’
1067 1095 1224 1194 ἡλιαίαν
1242 1096 1568 1209 διαγιγνιόυκειν..

436 1226 542 1332 (Lex
560 1230 709 1311 Solonis
727 1231 828 1337 apud
845 1230 1037 1310 Demosth.
1057 1255 1088 1308 o.
1108 1230 1326 1312 Aristocrat
1347 1231 1467 1326 629.)

802 1395 921 1477 utu

248 1620 250 1625 ,
273 1537 490 1622 Ηοιοὶαἱόεε
507 1539 619 1619 lioeat
635 1549 675 1616 et
692 1536 860 1627 oooidere
879 1539 921 1617 in
937 1548 1066 1619 nostra
1083 1548 1184 1619 terra
1200 1546 1238 1615 et
1247 1533 1463 1637 abdnoere3
1482 1560 1556 1611 non

167 1675 292 1741 tamen
321 1665 507 1762 oruoiare,
543 1689 615 1743 nee
647 1663 915 1767 redemptionis
948 1665 1111 1768 pretium
1137 1674 1379 1770 extorquere,
1419 1661 1557 1761 alioqui

168 1789 322 1891 duplum
342 1789 520 1869 damnum
538 1790 726 1868 luendum.
766 1790 944 1887 Actiones
963 1815 1054 1867 vero
1078 1780 1338 1888 magistratus,
1368 1788 1436 1886 qui
1458 1784 1557 1888 judi·

167 1915 274 1991 oibus
292 1913 499 2015 quibusque
519 1928 717 2018 praesunt,
746 1906 933 2011 infernnt'o
951 1915 989 1992 in
1014 1914 1194 2016 judicium
1212 1914 1342 1991 cuivis.
1380 1910 1568 2015 Cognitis

167 2039 215 2116 sit
233 2050 359 2117 antem
376 2062 494 2140 penes
513 2036 718 2119 Heliaeam.
1440 2031 1457 2077 δ’
1558 2020 1570 2037 ’

269 2277 431 2364 Ἐόινδί
442 2314 499 2377 τις
515 2278 588 2364 τόν
615 2280 870 2388 ’ἀνδροφόνον
891 2289 1026 2384 κτείνῃ
1048 2280 1072 2377 ἢ
1090 2284 1213 2374 αἴτιος
1230 2277 1256 2385 ᾗ
1274 2282 1430 2380 φόνου,
1461 2281 1554 2362 οἷπε-

162 2411 340 2515 χόμενον
357 2409 500 2518 ἀγορᾶς
518 2416 677 2513 ἐφορίας
696 2418 765 2488 καὶ
785 2405 924 2489 diddo!
951 2418 1019 2486 καὶ
1051 2410 1162 2511 ἱερῶν
1184 2405 1555 2509 Ἀμφικτυονικῶν,

167 2535 289 2640 dinnao
308 2538 379 2621 τόν
404 2536 625 2632 Ἀθηναῖον
642 2543 881 2631 κτείνονται,
904 2546 948 2628 ἐν
965 2549 1045 2630 τοῖς
1063 2534 1198 2629 αὐτοῖς
1214 2543 1443 2636 ἐνέχεσθαι·
1473 2537 1555 2614 δια-

167 2665 399 2774 γιγνώσκειν
419 2664 457 2745 δέ
477 2663 570 2753 τούς
588 2670 734 2761 ἐφέτας.
1438 2727 1440 2733 .

682 2775 895 2871 (Demoodu
909 2802 945 2857 a.
964 2775 1181 2857 Aristocrat.
1202 2772 1452 2870 ott-632.)

800 2938 914 3015 11119.

273 3063 313 3141 Si
327 3063 412 3164 quis
432 3040 813 3141 autern'homioidam*
833 3061 1028 3158 ceciderit,
1059 3075 1122 3138 aut
1141 3061 1265 3139 caedis
1285 3063 1320 3139 ei
1338 3088 1461 3140 eausa
1478 3061 1555 3139 tue·

166 3190 234 3285 rit‚
263 3191 326 3289 qui
346 3189 530 3266 homicida
548 3190 772 3267 abstinuerit
790 3188 872 3268 foro
883 3188 1081 3287 oollimitio
1100 3200 1138 3264 et
1155 3189 1252 3264 ludis
1272 3200 1310 3265 et
1328 3190 1450 3266 saeris
1469 3186 1556 3266 Am-

167 3313 433 3416 phictyonieis,
461 3314 614 3418 perinde
635 3341 678 3394 ao
697 3317 727 3392 si
748 3313 1016 3405 Atheniensem
1036 3315 1248 3413 occidisset,
1278 3313 1414 3392 eodem.
1433 3315 1556 3391 erimi-

165 3463 212 3515 ne
232 3451 415 3518 teneatur.
453 3443 622 3544 Ephstae
642 3453 766 3519 antem
785 3453 1026 3544 cognoscant.

800 3601 914 3679 1130.

120 3835 123 3842 .
269 3720 367 3813 Ἐόν
394 3729 451 3814 τίς
475 3754 563 3802 τινα
590 3721 670 3805 τῶν
693 3718 955 3826 ἀνδροφόνων
980 3721 1059 3819 τῶν
1086 3719 1398 3817 ἐξεληλυθότων,
1431 3713 1492 3826 ἱόν
1509 3721 1556 3800 τό

159 3850 336 3953 χρήματα
355 3853 533 3954 ἐπίτιμα,
563 3858 655 3952 πέρα
685 3847 780 3952 όρου
799 3847 941 3949 ἐλαύνῃ
962 3843 987 3943 ἦ
1004 3858 1099 3951 φέρῃ
1120 3846 1142 3943 ἢ
1161 3844 1258 3955 ἄγῃ·
1287 3846 1333 3925 τό
1357 3848 1426 3926 ἴσα
1447 3847 1564 3948 όφεί-’

9 4001 20 4020 ·
164 3985 218 4055 λει
239 3975 310 4055 ὅσα
330 4009 419 4079 περ,
449 3974 502 4055 δν
521 3987 564 4056 ἐν
581 3976 626 4076 τῇ
646 3971 821 4077 ἡμεδαπῇ
841 3974 970 4078 δράσῃ.

810 4105 1024 4201 (Demosth.
1044 4129 1075 4185 e.
1096 4104 1309 4186 Aristoorat.
1330 4105 1455 4201 681.)

803 4267 918 4347 1130.

272 4394 312 4472 Si
331 4396 413 4494 quis
432 4395 593 4496 aliquem
612 4393 857 4491 homicidam,
881 4395 946 4496 qui
966 4374 1143 4489 excessit,
1170 4394 1274 4494 cujus
1294 4395 1462 4494 pecunia
1480 4420 1555 4472 non

164 4532 222 4601 est
238 4520 446 4622 publicata,
474 4521 572 4597 ultra
599 4521 800 4600 terminum
827 4519 1026 4619 agitaverit
1054 4520 1115 4595 vel
1143 4518 1365 4619 spoliaverit
1386 4545 1555 4619 quocun-

163 4673 236 4748 que
256 4645 389 4767 modo,
415 4645 547 4723 eadem
566 4645 700 4773 debet,
729 4672 823 4748 quae
852 4645 884 4722 si
910 4647 950 4721 in
975 4645 1115 4722 ditione
1141 4654 1268 4721 nostra
1286 4644 1555 4723 haeeoommi-

162 4773 290 4852 sisset*

802 4879 917 4971 1131,

269 5004 324 5079 Εἴ
337 5035 392 5094 τις
410 5000 482 5083 τόν
499 5000 749 5105 ἀνδροφόνον
768 4997 840 5105 όρᾷ
868 4999 1046 5104 περιιόντ’
1066 5010 1206 5092 ἐντοῖς
1225 5005 1341 5105 ἱεροῖς
1360 5011 1434 5083 καί
1454 5002 1552 5082 κατό

146 5127 221 5223 τόν
251 5126 421 5237 ἆγορόν,
451 5126 619 5236 ἀπάγειν
647 5132 793 5222 ἔξεστιν
822 5134 874 5218 εἰς
902 5124 947 5205 τό
979 5128 1236 5234 δεσμωτήριον
1246 5188 1256 5222 ,
1289 5126 1370 5206 οὐκ
1392 5131 1557 5223 οἴκαδε,
