3436 5790
568 464 729 518 avsusro
748 465 902 517 uremur
920 458 1146 519 rcrucsnrs.
1460 439 1544 516 ’261
1626 430 1638 499 1

794 659 909 734 1031.

265 798 405 902 Siquis
436 801 642 904 prodiderit
669 802 731 877 vel
761 804 956 879 castellum
985 784 1047 878 vel
1076 828 1212 879 navem
1231 799 1454 905 celeusma,
1485 797 1549 873 ubi

158 928 234 1003 ulla
253 954 340 1028 pars
360 927 497 1002 civium
517 926 789 1021 contineretur,
810 926 841 1002 is
862 938 1026 1003 extrema
1045 926 1230 1028 supplicia
1249 926 1390 1001 subeat.

261 1225 358 1303 Ἐάν
386 1258 439 1314 τις
467 1225 665 1327 τυραννίδι
686 1229 865 1319 ἐπιθῆται
886 1222 1001 1320 {iuria
1021 1226 1134 1304 πόλιν
1154 1227 1323 1329 προδιδῷ
1344 1223 1369 1320 ἢ
1386 1223 1459 1302 τόν
1478 1225 1547 1315 δῆ-

156 1383 236 1452 μον
255 1351 451 1450 καταλύῃ,
485 1351 558 1428 τόν
587 1351 880 1454 αἰσθανόμενον
907 1351 1091 1455 καθαρόν
1118 1352 1218 1430 εἶναι
1248 1351 1546 1429 ἀποκτείναντα.

834 1484 1016 1584 (Lycurg.
1036 1509 1066 1560 c.
1087 1484 1254 1561 Leocrut.
1275 1478 1308 1585 ξ.
1333 1482 1441 1572 125.)

796 1647 913 1722 1032.

268 1789 307 1867 Si
328 1789 410 1888 quis
429 1786 665 1888 tyrannidem
694 1789 888 1865 affectaret
916 1801 981 1866 aut
1004 1790 1135 1867 urbem
1156 1787 1331 1891 proderet
1349 1799 1413 1863 aut
1431 1814 1550 1889 popu·

162 1919 277 1993 larem
297 1927 434 1992 statum
454 1914 708 2010 subverteret,
733 1916 785 2010 is,
805 1917 868 2017 qui
886 1914 985 1992 istud
1004 1916 1215 2017 perceperit
1234 1926 1345 2015 atque
1362 1939 1466 1988 reum
1485 1913 1550 1987 fla-

162 2041 241 2141 gitii
261 2042 457 2136 occiderit,
488 2069 510 2116 a
530 2039 643 2118 caede
663 2067 780 2141 purus
800 2052 890 2118 esto.

804 2203 917 2280 1033.

259 2337 428 2441 ’Ἀτιμον
447 2339 546 2417 εἶναι
566 2338 636 2417 τόν
654 2348 697 2421 ἐν
716 2342 844 2416 στάσει
860 2339 1067 2441 μηδετέρας
1080 2339 1236 2441 μερίδος
1256 2339 1481 2444 γενόμενον.

688 2470 899 2564 (Plutarch.
920 2470 1046 2547 Solon.
1067 2472 1131 2547 20.
1160 2472 1240 2546 Lex
1260 2469 1443 2563 Solonis.)

797 2632 913 2708 1033.

270 2778 429 2856 Infamia
448 2789 616 2870 notetur,
647 2778 709 2877 qui
739 2778 777 2852 in
805 2776 989 2854 seditione
1013 2777 1134 2853 neutri
1154 2804 1193 2854 se
1212 2777 1309 2878 parti
1329 2775 1550 2876 adjunxerit.

806 2938 919 3014 1034.

274 3077 354 3155 Τόν
373 3077 568 3180 ἐξόριστον
587 3075 837 3180 αὐτοβούλως
858 3072 1153 3180 ὕποστρέφοντα
1178 3083 1230 3167 εἰς
1258 3075 1329 3170 τὴν
1350 3075 1457 3155 ἰδέαν
1477 3109 1551 3154 πα-

169 3203 295 3303 τρίδα,
329 3204 526 3297 θνήσκειν.
1017 3209 1225 3302 (Problem.
1246 3207 1338 3284 rhet.
1364 3209 1445 3300 13.)

805 3333 916 3410 1034.

271 3479 310 3557 Si
330 3480 435 3558 exsul
454 3507 520 3558 sua
538 3491 671 3582 sponte
691 3481 730 3556 in
749 3482 910 3581 patriam
929 3479 1098 3573 redierit,
1128 3482 1317 3558 moriatur.

806 3641 918 3717 1035.

272 3778 432 3874 Μηδένα
453 3781 529 3856 τῶν
548 3777 778 3885 φευγόντων
797 3779 867 3857 έᾶν
885 3784 945 3856 ἐπὶ
967 3776 1040 3872 τόν
1059 3779 1159 3857 ναῦν
1178 3776 1419 3882 ἀναβαίνειν.

746 3899 959 4004 (Demosth.
980 3910 1063 3987 adv.
1085 3911 1288 4011 Polyclem.
1312 3913 1446 4005 1221.)

272 4215 421 4293 Nemini
442 4217 592 4294 exulum
611 4243 748 4294 navem
767 4215 1013 4294 conscendere
1034 4215 1269 4294 concedatur.

807 4378 920 4456 1036.

276 4519 344 4614 Μὴ
375 4512 636 4617 ὑποδέχεσθαι
664 4519 743 4595 τῶν
771 4516 998 4625 φευγόντων
1026 4516 1188 4609 οὐδένα,
1220 4514 1305 4613 ἢέν
1323 4529 1401 4608 τοῖς
1421 4517 1555 4610 αὐτοῖς

169 4651 369 4744 ἐνέχεσθαι
388 4645 459 4723 τόν
476 4639 770 4746 ὑποδεχόμενον
788 4642 880 4733 τούς
899 4644 1127 4752 φεύγοντας.
1210 4675 1213 4678 ·

741 4776 955 4871 (Demosth.
977 4774 1060 4852 odv.
1081 4775 1284 4875 Polyclem.
1310 4775 1444 4867 1222.)

801 4940 915 5018 1030.

1468 5003 1480 5050 i

275 5083 332 5163 Ne
352 5086 464 5161 liceat
482 5084 671 5187 suscipere
690 5084 806 5163 ullum
825 5085 992 5179 exulem,
1022 5095 1086 5162 aut
1103 5082 1236 5162 eodem
1255 5083 1408 5161 crimine
1427 5093 1551 5159 tenea-

167 5222 227 5288 tur
248 5212 362 5312 isqui
382 5211 606 5313 susceperit,
635 5235 708 5310 quo
726 5211 798 5313 ipsi
817 5209 954 5288 exules.
