3436 5790
582 449 891 507 communiunt
913 453 963 505 tn
984 451 1047 508 sot.
1067 454 1129 507 sot.
1481 432 1556 507 581

271 642 383 721 Anno
410 646 502 721 17-0
531 645 620 722 belli
648 646 955 747 peloponnesiaci
974 644 1224 723 Athenienses
1252 646 1382 721 tributi
1399 647 1483 722 loco
1503 648 1556 721 vi-

162 766 342 864 gesimam
370 773 544 848 mercium
574 771 667 846 mari
696 773 981 871 importaturam
1008 774 1159 873 populis
1186 772 1343 870 imperio
1372 798 1439 847 suo
1469 772 1556 848 sub·

157 892 270 991 jectis
300 895 553 996 imperabant,
583 910 625 973 ut
651 897 741 972 dicit
760 897 1001 998 Thucydides
1022 896 1128 990 (Vll,
1149 898 1241 988 affl:
1274 890 1355 983 Τὴν
1372 889 1558 984 εἰκοστήν

162 1014 242 1088 τῶν
268 1014 370 1089 κατὰ
405 1015 607 1094 θάλασσαν
635 1016 722 1093 ἀντὶ
750 1017 822 1093 τοῦ
856 1015 984 1116 φόρου
1016 1029 1095 1106 τοῖς
1129 1011 1319 1110 ὑπηκόοις
1356 1022 1552 1110 ἐποίησαν.

163 1141 334 1243 Contigit
352 1145 422 1220 hoc
442 1145 676 1247 Olympiadis
697 1146 811 1221 {ll-ae
830 1172 928 1221 anno
950 1149 1025 1222 4-ο.

270 1269 483 1346 Boeckhius
501 1270 610 1347 docet
631 1273 791 1364 (Oecon.
813 1272 915 1372 publ.
937 1271 1068 1348 Athen.
1099 1276 1128 1365 I,
1148 1302 1183 1375 p.
1204 1274 1304 1364 433)
1336 1274 1554 1371 vigesimam

160 1393 258 1470 hanc
277 1421 351 1469 non
370 1398 409 1470 in
430 1397 605 1488 Piraeeo,
635 1397 709 1473 sed
729 1399 766 1472 in
797 1398 982 1474 sociorum
1001 1400 1108 1475 terris
1129 1428 1150 1476 a
1170 1398 1469 1498 redemptoribus
1489 1426 1554 1475 ex·

162 1531 284 1595 aotam
304 1546 394 1596 esse.

271 1646 516 1723 Nihilominus
536 1647 707 1723 nonnulli
725 1637 894 1735 ὑπηκὸοι
924 1674 1036 1749 porro
1065 1676 1213 1749 qnoque
1232 1649 1415 1725 tributum
1433 1649 1554 1725 solve·

161 1771 274 1866 bant3
302 1795 389 1845 nam
408 1771 621 1871 Xenophon
650 1772 740 1847 dicit
769 1773 889 1866 (Hell.
911 1776 938 1867 I,
960 1773 996 1866 3,
1017 1774 1082 1865 9):
1111 1764 1313 1847 ὑποτελεῖν
1335 1767 1408 1846 τὸν
1426 1766 1554 1868 φόρον

162 1892 463 1984 Χαλκηδονίους
485 1890 717 1987 Ἀθηναίοις
743 1891 906 1993 ὅσονπερ
927 1894 1139 1986 εἰώθεσαν,
1160 1905 1230 1974 καὶ
1248 1895 1295 1973 τοὶ
1317 1893 1551 1993 ὀφειλόμενα

159 2018 337 2118 χρήματα
357 2015 588 2097 ἀποδοῦναι.

271 2149 354 2227 Ηοο
373 2147 562 2225 decretum
583 2150 683 2225 cadit
700 2150 739 2224 in
759 2147 908 2250 Olymp.
930 2151 992 2244 92,
1013 2151 1048 2225 4.

271 2275 498 2351 Indictiones
525 2286 650 2351 autem
678 2273 904 2349 tributorum
930 2274 991 2368 (at
1009 2269 1133 2362 τάξεις
1152 2272 1224 2348 τοῦ
1244 2269 1393 2370 φόρου)
1424 2276 1553 2376 quinto

163 2400 330 2500 quolibet
348 2426 447 2475 anno
478 2394 547 2491 (δι’
568 2398 676 2483 ἔτους
695 2401 888 2494 πέμπτου)
918 2403 1080 2494 fiebant,
1109 2415 1150 2477 ut
1177 2402 1268 2477 dicit
1285 2402 1496 2500 Xenophon
1514 2402 1553 2475 in

164 2521 448 2600 Atheniensium
467 2524 662 2624 republica
681 2526 746 2617 Ill,
769 2528 803 2598 5.

753 2734 830 2817 Ad
850 2737 965 2818 004.

270 2903 379 2995 Quod
404 2902 798 3003 pentacosiomedimni
825 2902 1027 2996 talentum,
1057 2903 1199 3001 equites
1219 2900 1495 2978 semitalentum
1514 2913 1551 2978 et

162 3028 215 3103 sic
233 3052 346 3127 porro
365 3028 653 3120 contribuerint,
673 3027 709 3101 id
730 3026 933 3103 absurdum
961 3052 1042 3103 esse
1072 3026 1343 3103 demonstravit
1362 3025 1552 3103 Bbclrhius

163 3152 201 3227 in
221 3152 361 3229 Oecon.
380 3151 480 3252 publ.
502 3152 635 3232 Athen.
655 3152 700 3227 Τ.
721 3154 749 3229 Ι.
770 3180 806 3252 p.
829 3152 1051 3228 645--68a

271 3297 315 3372 In
335 3295 482 3372 duobus
501 3307 627 3372 tamen
647 3322 722 3372 non
740 3296 838 3372 idem
857 3297 978 3373 sentio
1000 3321 1083 3372 cum
1103 3296 1317 3372 doctissimo
1338 3295 1428 3372 viro.

271 3421 397 3496 Primo
420 3420 508 3496 dicit
530 3423 748 3522 jugatorum
776 3430 1002 3522 proventum
1029 3422 1224 3497 minimum
1252 3446 1328 3496 non
1348 3423 1463 3497 fuisse
1483 3420 1549 3496 du-

163 3555 354 3622 centarum
372 3547 438 3621 sed
458 3546 690 3622 solummodo
711 3559 860 3620 centum
879 3546 1149 3647 quinquaginta
1168 3571 1443 3636 mensurarum,
1464 3547 1551 3649 quia

163 3673 304 3773 elegis
332 3673 564 3773 praescripto
592 3672 1017 3773 pentacosiomedimnus
1051 3674 1295 3772 quingentas,
1335 3696 1448 3770 eques
1477 3679 1549 3746 tre·

163 3809 309 3890 centos,
332 3798 487 3897 jugator
516 3807 665 3871 centum
690 3795 962 3895 quinquaginta
981 3796 1176 3872 drachmas
1196 3796 1360 3872 debebat
1381 3795 1477 3907 dotis
1495 3797 1550 3870 in·

162 3936 239 3999 star
257 3923 345 3997 dare
369 3921 515 3996 seminis
533 3921 733 3996 heredibus
748 3922 865 3997 infimi
876 3922 1027 3998 ordinis.
1048 3921 1315 4016 (Demosth.
1335 3921 1438 3996 adv.
1457 3921 1545 3997 Ma·

162 4059 277 4123 cart.
300 4046 435 4137 1068.)
456 4045 552 4122 (lum
570 4047 695 4147 itaque
715 4048 1109 4148 pentacosiomedimni
1130 4059 1167 4122 et
1185 4049 1327 4148 equites
1346 4058 1403 4122 tot
1417 4045 1548 4122 drach·

160 4199 242 4247 mas
259 4171 449 4264 dederint,
480 4182 573 4270 quot
596 4198 807 4261 mensuras,
837 4198 912 4271 qua
929 4182 1153 4274 proventum
1172 4173 1378 4268 minimum,
1397 4172 1548 4271 collige·

159 4309 262 4388 rent,
293 4323 368 4373 non
398 4296 543 4373 dubitat
571 4297 793 4374 clarissimus
820 4298 897 4392 vir,
930 4299 1019 4397 quin
1042 4301 1262 4399 jugatorum
1289 4323 1436 4398 quoque
1463 4324 1557 4400 pro-¹

159 4433 292 4498 ventus
311 4423 484 4498 minimus
505 4423 927 4523 centumquinquaginta
945 4450 1139 4501 mensuras
1159 4425 1334 4500 effecerit.

267 4547 326 4625 Ad
345 4548 437 4622 haec
456 4549 688 4650 respondeo,
717 4548 817 4625 aliud
835 4551 948 4652 plane
968 4548 1122 4625 subesse
1150 4549 1237 4625 huic
1265 4549 1351 4649 legi.
1389 4549 1548 4651 Sapiens

159 4675 301 4751 scilicet
320 4674 511 4772 legislator
530 4701 678 4751 omnem
697 4676 805 4750 unius
825 4675 914 4751 anni
942 4674 1133 4751 minimum
1159 4686 1384 4776 proventum
1401 4701 1424 4751 a
1435 4675 1546 4774 juga·

159 4799 301 4875 toribus
321 4799 359 4872 in
379 4798 504 4873 dotem
532 4800 699 4900 impendi
727 4799 832 4876 nullo
860 4800 970 4876 modo
1000 4800 1171 4895 volebat,
1199 4801 1398 4902 quiscum
1423 4798 1548 4874 multis

160 4926 309 5001 filiabus
328 4923 561 4999 hereditariis
578 4925 697 5000 infimi
718 4925 858 5002 ordinis
877 4925 1143 5002 erantvinculo
1162 4926 1397 5026 cognationis
1410 4924 1548 5025 juncti;

160 5077 208 5126 ne
226 5051 341 5148 igitur
359 5077 427 5150 per
445 5051 592 5126 crebras
614 5051 745 5126 harum
771 5051 997 5128 elocationes
1016 5077 1194 5150 magnam
1214 5055 1266 5129 rei
1285 5049 1474 5127 familiaris
1489 5051 1547 5150 ja-

160 5187 302 5252 cturam
327 5185 566 5275 paterentur,
597 5202 672 5250 non
700 5176 922 5252 tenebantur
950 5202 1098 5253 omnem
1127 5178 1215 5254 anni
1243 5179 1432 5252 minimum
1460 5201 1546 5275 pro-

1272 5299 1336 5363 34}
