3404 5782
563 434 872 488 conusuusnrus
891 436 944 487 ευ
964 432 1027 489 εει.
1047 433 1110 488 σει.
1129 432 1193 489 σεε.
1481 412 1563 530 ,409

177 622 383 705 brsbsntur
411 626 469 704 die
501 628 591 704 itt-0
621 625 948 729 Elaphebolionis3
981 630 1180 708 intercedit
1208 655 1298 728 ergo
1325 629 1565 708 intervallum

176 752 292 829 multo
319 753 480 854 plurium
508 780 620 856 quam
649 755 813 855 quinque
843 752 988 833 dierum
1015 784 1037 833 a
1068 756 1159 832 16-0
1179 755 1487 857 Elaphebolionis
1516 754 1563 832 ud

174 876 368 955 ineuntem
385 894 599 982 sequentem
618 904 783 957 mensem
802 881 1106 983 Munychionem.

282 1019 455 1121 Denique
474 1019 676 1098 creditores
696 1021 882 1101 tricesimu
902 1025 1040 1102 mensis
1059 1024 1142 1120 die,
1163 1024 1193 1101 si
1211 1033 1303 1100 tunc
1321 1022 1470 1101 debitor
1487 1021 1564 1099 foe·

175 1168 245 1220 nus
264 1168 341 1220 non
359 1145 552 1242 solvisset,
573 1170 659 1223 enm
676 1145 715 1221 in
730 1146 793 1248 jus
810 1148 1016 1233 vocsbsnt.
1045 1158 1088 1225 ut
1105 1148 1223 1249 liquet
1241 1173 1263 1227 e
1281 1147 1398 1226 schol.
1417 1147 1466 1226 sd
1483 1144 1564 1223 Ari-

175 1268 347 1369 stophcn.
367 1270 506 1348 Nubes
528 1269 653 1346 1179:
680 1264 748 1354 τάς
767 1266 915 1360 κλήσεις
934 1268 1014 1346 τῶν
1032 1266 1157 1347 δικῶν
1181 1272 1343 1369 (scilicet
1361 1272 1500 1365 mutui)
1519 1267 1565 1364 ori

175 1389 355 1490 τριακάδι
378 1396 580 1497 γίνεσθαι,
612 1389 714 1482 ὅπως
732 1386 755 1470 δ
775 1399 935 1486 κληθείς
960 1399 1013 1483 εἰς
1032 1395 1148 1489 δίκην
1167 1397 1238 1494 ἔχῃ
1258 1391 1352 1487 ὅλην
1367 1392 1442 1488 τὴν
1454 1422 1568 1495 susu-

176 1514 279 1592 κάδα
307 1522 361 1605 εἰς
387 1515 433 1594 τὸ
463 1523 687 1618 σκέψασθαι
715 1516 763 1593 τά
791 1525 875 1618 περί
904 1523 1045 1597 ἑαυτοῦ
1057 1578 1068 1610 ,
1098 1516 1192 1596 ὥστε
1216 1527 1259 1597 δν
1276 1516 1410 1620 ταύτῷ
1428 1511 1498 1595 καί
1517 1515 1565 1594 τά

177 1654 383 1740 πρυτανεῖα
404 1649 532 1752 θεῖναι
551 1651 595 1722 ἐν
614 1643 670 1744 τῷ
689 1642 873 1746 δημοσίῳ.

766 1879 980 2011 ιιιιι

284 2041 407 2120 Schol.
435 2044 473 2120 in
502 2043 741 2149 Aristophan.
771 2045 894 2146 Equit.
925 2044 1024 2120 969:
1048 2036 1232 2119 Ἐιιαδάν
1256 2047 1415 2148 γυναικί
1435 2047 1568 2138 ἐπιφέ-

178 2193 283 2261 ριιται
304 2164 499 2269 ἔγκλημα,
530 2161 634 2242 οὕτω
663 2172 945 2267 προκαλεῖσθαι
973 2173 1016 2243 ἐν
1033 2166 1089 2267 τῷ
1109 2164 1362 2269 δικαστηρίῳ·
1394 2160 1440 2271 „ri
1462 2166 1568 2264 δεῖνα

178 2293 247 2364 καί
268 2283 290 2365 ὁ
311 2287 465 2389 κύριος,
495 2297 690 2369 τουτέστιν
710 2285 731 2368 ὃ
752 2289 888 2392 άνῆρ“.
918 2295 1063 2389 (Quum
1083 2295 1216 2372 mulier
1235 2296 1399 2374 oriminis
1417 2294 1567 2375 uetusti·

177 2429 257 2513 tur,
286 2420 340 2495 sic
368 2433 523 2499 vocetur
550 2422 588 2496 in
612 2419 821 2522 judicium:
872 2420 988 2519 „haec
1018 2433 1055 2496 et
1084 2421 1277 2517 dominus,
1306 2421 1378 2499 boc
1407 2435 1482 2518 est,
1512 2423 1569 2498 vir

178 2543 319 2644 ejus.“)

768 2670 844 2756 Au
864 2670 980 2753 047.

286 2828 454 2935 Sauppio
473 2834 598 2912 verbis
617 2827 710 2933 ιιρὸς
727 2828 800 2925 τήν
813 2829 945 2928 φυλὴν
963 2835 1009 2913 de
1029 2834 1203 2914 diaetetis
1224 2832 1383 2939 publicis
1399 2834 1567 2943 cogiten-

180 2954 268 3030 dum
297 2982 376 3032 esse
403 2957 572 3057 videtur,
601 2988 694 3061 quos
723 2987 769 3040 ex
798 2962 981 3041 universis
1000 2959 1292 3039 Atheniensibus
1320 2963 1458 3041 electos
1487 2986 1567 3037 esse

179 3092 343 3180 constut;
367 3109 452 3160 cum
471 3110 561 3162 vero
579 3087 690 3166 electi
707 3099 842 3184 essent,
862 3090 995 3207 cuique
1016 3087 1128 3164 tribui
1147 3088 1341 3193 sortitione
1360 3113 1447 3169 suos
1467 3085 1567 3163 dise·

178 3218 276 3287 teus
295 3204 504 3309 assignatos
523 3236 603 3288 esse
622 3213 779 3315 conjicit.

767 3440 982 3526 Δᾶο40.

486 3606 718 3685 Fornulu
744 3605 912 3684 libelli
941 3605 1262 3707 accusatorii.

293 3744 392 3824 Τάδε
415 3745 625 3854 ἐγράψατο
640 3753 708 3824 καί
737 3742 989 3861 ἀντωμόσατο
1009 3752 1176 3833 Μέλιτος
1196 3748 1374 3822 Μελίτου
1395 3740 1569 3830 Πιτθεάς

181 3872 383 4022 Σωκράτει
415 3878 704 3976 Σωφρονίσκου
736 3869 1037 3963 Ἀλωπεκῆθεν,
1078 3869 1208 3949 άδιιιοι
1233 3867 1463 4018 Σωκράτρς,
1500 3861 1569 3956 σάς

176 4005 252 4102 μὲν
272 3992 421 4092 ἡπόλις
440 4004 588 4101 νομίζει
610 3995 728 4086 θιοάς
757 4028 803 4076 συ
793 3992 1030 4098 νομίζων,
1060 4002 1167 4099 ἕτερα
1186 3995 1226 4075 δὲ
1245 4025 1365 4073 καινα
1354 3992 1568 4096 δαιμόνια

181 4125 473 4232 εἰσηγούμενος·
509 4124 640 4204 ἀδικεῖ
676 4123 715 4202 δὲ
751 4131 821 4202 καί
858 4122 950 4212 coris
988 4126 1097 4213 νέους
1131 4123 1394 4227 διαφθείρων·
1423 4124 1568 4224 τίμιρια

184 4248 365 4341 θάνατος.
949 4288 950 4293 ’

291 4382 470 4482 (Diogen.
490 4380 612 4460 Lutrt.
632 4382 682 4476 11,
700 4381 784 4475 40.)

289 4525 333 4606 Id
352 4534 428 4604 cst:
446 4523 557 4603 Hanc
575 4523 849 4603 accusationem
868 4521 1002 4600 detulit
1020 4532 1059 4598 et
1070 4518 1314 4625 jurejurando
1332 4520 1570 4600 confirmarit

182 4651 342 4733 Meletus
361 4649 489 4730 Meleti
518 4650 615 4727 filius
643 4648 869 4727 Pittheensis
898 4647 1078 4724 adversus
1106 4646 1300 4723 Socratem
1327 4646 1569 4751 sophronisci

182 4779 303 4856 tilium
320 4776 613 4881 Alopecensem:
636 4774 725 4877 jura
752 4772 868 4852 violat
887 4773 1081 4868 Socrates,
1111 4799 1203 4873 quos
1223 4799 1243 4850 e
1262 4773 1446 4874 majorum
1464 4773 1568 4849 insti-

183 4915 266 4985 tuto
293 4901 459 5006 suscepit
485 4900 616 4979 civius
644 4901 735 4980 deos
763 4925 844 4979 esse
862 4926 1027 5000 negans,
1055 4898 1128 4975 alia
1145 4924 1236 4974 vero
1256 4924 1356 4975 nova
1373 4897 1569 4975 daemonia

153 5028 378 5185 tintcum,
396 5027 632 5175 contrusus
612 5050 679 5159 με
695 5037 737 5107 st
751 5022 838 5159 lus
820 5049 982 5129 juvenes
1000 5024 1214 5125 corrumpit
1241 5024 1368 5100 Poena
1387 5022 1439 5098 illi
1458 5042 1568 5099 mors.
1688 5071 1691 5076 -

154 5266 214 5311 ιιιιι
220 5254 266 5309 ιί·ι
225 5138 542 5335 qiibn
1292 5290 1356 5356 32*
