3404 5782
234 391 312 464 sal
694 409 1004 463 consecramus
1025 408 1076 458 ao
1097 408 1159 461 sor.

235 604 547 695 1000(200><5)
559 603 763 678 drachmas,
779 599 818 676 Si
832 600 968 700 jamin
988 601 1155 699 qualibet
1174 602 1300 677 classe
1325 602 1630 701 quinquagesima
1670 614 1673 671 ξ

234 729 453 805 facultatum
471 754 559 828 pars
578 728 707 802 suisset
726 722 973 816 conferenda,
1003 723 1145 799 minimi
1164 737 1391 825 proventus
1414 728 1630 827 pentacosio-
1669 716 1674 827 j

234 888 442 964 medimnus
462 888 634 963 solvisset
656 887 731 959 120
750 883 943 960 drachmas
964 845 1164 1011 (ὅου-Ψ),
1185 912 1307 986 eques
1331 899 1570 963 autemeam
1578 912 1630 959 ma-

235 1047 335 1124 ximo
356 1048 431 1119 499
453 1044 710 1121 drachmarum
730 1056 915 1147 proventu
935 1046 1083 1120 nonnisi
1113 1048 1189 1135 99t3
1220 1046 1449 1124 drachmas
1482 1047 1629 1123 contub

354 1167 479 1230 raaxro
554 1207 562 1223 .
898 1205 945 1222 ..
992 1206 1000 1222 .
1182 1207 1190 1223 .
1274 1208 1283 1225 .
1565 1209 1573 1225 .

235 1220 307 1304 set,
329 1181 523 1334 l—w—J,
552 1203 589 1281 rd
620 1219 677 1281 est
705 1231 780 1280 una
807 1218 844 1282 et
870 1216 1002 1305 vrgmtr
1026 1206 1212 1282 drachmis
1231 1235 1372 1285 mrnus
1395 1236 1524 1310 quam
1542 1209 1630 1285 dom

235 1365 677 1470 pentacosiomedinmus,
706 1365 875 1465 quamvis
904 1367 964 1441 hic
988 1393 1063 1443 una
1082 1379 1227 1442 tantum
1249 1368 1456 1448 drachma
1477 1375 1630 1474 majorem

236 1495 428 1571 habuisset
446 1492 618 1568 reditum.
656 1491 772 1565 Porro
802 1517 915 1590 eques
943 1492 1076 1590 aliquis
1100 1493 1242 1568 minimi
1266 1511 1509 1594 proventus
1529 1500 1628 1574 solvis

237 1667 293 1732 set
315 1655 365 1728 60
385 1655 580 1730 drachmas
601 1610 795 1775 (3-*005Xw),
814 1652 961 1750 jugator
981 1665 1103 1727 autem
1124 1655 1277 1730 maximi
1299 1672 1549 1757 proventus,
1566 1684 1629 1732 non

238 1856 308 1930 nisr
298 1854 379 1927 29
400 1853 593 1929 drachmas
613 1811 796 1973 (29-0-9Χ5);
824 1851 939 1947 igitur
967 1877 1040 1927 uua
1068 1863 1104 1925 et
1126 1852 1286 1949 triginta
1306 1856 1523 1933 drachmis
1541 1857 1630 1930 minus

238 2040 349 2116 quam
369 2037 502 2113 eques,
534 2012 704 2111 quamvis
733 2011 842 2110 hujus
871 2024 1074 2110 proventus
1101 2039 1175 2088 una
1198 2025 1361 2090 tantum
1387 2017 1577 2093 drachma
1593 2041 1628 2089 su·

238 2142 444 2241 paravisset
462 2135 621 2213 reditum
634 2135 832 2236 jugatoris.

345 2282 403 2356 Ex
421 2280 477 2355 his
497 2278 586 2353 satis
612 2289 735 2378 patet,
764 2302 998 2375 nequaquam
1026 2279 1104 2353 lieri
1133 2282 1329 2379 potuisse,
1367 2298 1417 2361 ut
1437 2288 1511 2361 illa
1530 2310 1630 2360 censu

238 2432 342 2508 pars,
372 2406 418 2481 de
447 2428 521 2503 qua
548 2404 725 2477 tributum
755 2411 833 2476 erat
861 2400 1137 2493 conferendum,
1157 2407 1378 2485 secundum
1400 2411 1630 2488 Boeclrhiia

240 2533 371 2610 Grotei
390 2528 599 2605 doctrinam
616 2538 902 2626 computaretur.

347 2676 395 2749 Et
413 2699 522 2766 sane,
547 2671 636 2774 quid
656 2700 750 2774 opus
768 2672 898 2749 fuisset
917 2674 986 2748 hac
1006 2677 1320 2777 computatione?
1366 2683 1545 2762 Constat
1562 2685 1629 2760 enin

239 2830 260 2879 c
278 2801 574 2903 possessionibus
594 2800 848 2876 duodecimam
869 2801 978 2900 pretii
1008 2812 1149 2900 partem
1168 2815 1262 2902 quot
1281 2811 1411 2885 annis
1434 2812 1583 2886 fructus
1599 2811 1630 2882 in·

240 2939 317 3005 star
336 2924 498 3001 rediisse.
528 2924 759 3018 (Boeckh.
781 2923 940 3001 Staatsh.
960 2927 989 3021 I,
1010 2927 1073 3002 24.
1093 2953 1129 3027 p.
1152 2928 1274 3026 199);
1316 2958 1400 3010 nec
1432 2937 1586 3037 uspiam
1601 2935 1631 3008 le·

239 3053 361 3149 gimus
389 3075 553 3125 annuum
583 3051 749 3148 equitum
777 3063 841 3124 aut
862 3049 1080 3150 jugatorum
1110 3050 1273 3128 fructum
1303 3059 1519 3137 minorem
1549 3062 1630 3135 suine

241 3173 460 3251 duodecima
488 3174 763 3274 possessionum
790 3175 897 3275 pretii
917 3188 1044 3274 partc;
1072 3178 1295 3275 quinetiam
1320 3184 1530 3281 arbitror,
1560 3184 1630 3284 equi·

241 3300 339 3375 tibus
358 3312 395 3374 et
406 3299 644 3399 jugaton'bus
664 3300 842 3399 majorem
872 3299 1047 3398 obtigisse
1074 3301 1257 3398 sructum3
1286 3309 1391 3404 quia
1410 3312 1631 3411 pentacosio

241 3424 436 3517 medinm,
465 3433 505 3498 ut
522 3423 800 3499 latifundiorum
820 3448 1071 3522 possessores,
1101 3425 1252 3500 elocatis
1272 3430 1360 3505 suis
1383 3436 1563 3533 praediis
1579 3458 1632 3508 non

242 3550 462 3626 obtinebant
490 3548 575 3648 plus
601 3549 711 3623 solito
741 3547 901 3641 locari0,
931 3547 1031 3648 quod
1059 3545 1324 3627 duodecimam
1357 3559 1632 3656 possessionum

243 3674 352 3778 pretii
370 3685 515 3774 partem
534 3698 611 3747 non
630 3670 841 3771 superabat.
881 3673 1035 3771 Equites
1064 3687 1101 3749 et
1123 3677 1320 3774 jugatores
1356 3696 1500 3761 autem
1528 3684 1632 3762 verisi-

241 3801 329 3875 mile
358 3812 413 3874 est
439 3800 542 3897 ipsos
571 3798 646 3872 ruri
676 3823 768 3896 opus
798 3796 948 3890 fecisse,
985 3810 1027 3873 ut
1055 3799 1218 3893 lucrum,
1249 3804 1360 3901 quod
1394 3812 1632 3887 conductores

243 3927 408 4026 ipsorum
427 3922 662 4015 habuissent,
692 3922 761 3997 sibi
781 3923 872 4022 ipsis
891 3925 1102 4000 retinerent.

350 4064 539 4141 Gravibus
568 4064 680 4162 igitur
708 4065 828 4141 causis
857 4065 1009 4141 adducti
1027 4066 1232 4163 credimus,
1263 4074 1423 4171 equites
1447 4093 1489 4155 et
1504 4086 1633 4181 jugato·

245 4219 302 4267 res
321 4191 365 4266 do
386 4191 484 4265 omni
504 4216 638 4284 censu,
667 4217 742 4265 non
771 4203 894 4266 autem
914 4192 960 4267 de
979 4218 1111 4267 census
1130 4206 1237 4293 parte
1262 4197 1403 4299 aliqua
1433 4208 1633 4283 conadae.

350 4335 432 4408 Hoc
451 4334 684 4409 commendat
705 4334 870 4433 justitiae
900 4345 936 4409 et
964 4336 1161 4435 aequitatis
1188 4339 1314 4435 ratio,
1342 4370 1562 4451 omnesque
1583 4374 1634 4424 er·

245 4458 360 4535 cludit
388 4458 643 4548 difficultates,
674 4486 765 4558 quas
794 4461 832 4535 in
861 4462 1135 4562 computatione
1155 4463 1343 4541 Boeckhii
1375 4481 1417 4547 ot
1437 4473 1572 4553 Grotei
1595 4473 1634 4547 u'·

245 4584 374 4660 dimus.

351 4729 503 4827 Eqrrites
533 4740 569 4804 et
589 4731 784 4829 jugatoros
813 4731 962 4806 minime
991 4741 1141 4832 poterat
1167 4734 1633 4849 poeuitqrgfflqodam·

244 4881 355 4957 quam
375 4855 493 4953 majus
513 4853 689 4929 tributum
718 4857 960 4950 contulerint,
991 4885 1101 4957 quam
1128 4857 1349 4965 quod,.mm
1368 4872 1527 4926 ma.
1550 4870 1632 4951 imo

244 5006 326 5055 rum
346 4977 542 5067 reditibus,
572 4978 712 5054 scilicet
739 4982 839 5082 apud
869 4983 1009 5081 equites
1037 4982 1160 5087 ⁸399:

245 5120 282 5179 et
300 5105 399 5204 apud
413 5106 607 5206 jugatores
626 5131 648 5177 a
668 5105 745 5178 200
764 5132 880 5205 usque
901 5106 978 5180 299
998 5104 1105 5191 dracb
