3436 5790
475 429 574 489 mma
592 428 660 477 vra
680 427 721 476 ta
742 423 871 473 causis
890 429 1154 483 cremamus.
1426 403 1504 482 'II

117 641 210 712 μσς,
238 609 312 690 τὸν
331 605 498 705 ἁλόντα,
528 619 620 713 πέρα
650 613 684 689 δ’
705 611 823 691 οὐδὲν
849 613 1011 706 τούτου·
1041 623 1112 693 καὶ
1140 618 1195 718 τῷ
1218 620 1295 718 μὲν
1319 615 1503 695 διώκοντι

119 729 284 836 ὑπάρχει
311 738 453 814 ταῦτα·
490 738 546 838 τῷ
575 737 613 815 δὲ
642 737 826 844 φιύγοντι
854 738 902 815 τὰ
927 743 1003 839 pir
1028 744 1095 835 τῆς
1122 731 1328 843 &apiculae
1356 740 1502 836 ταύτὰ,

120 859 190 940 τὸν
213 864 397 963 πρότερον
425 862 464 939 δὲ·
492 866 637 955 ἔξεστιν
665 863 822 942 εἰπόντα
851 865 971 971 λόγον
993 867 1247 967 μεταστῆναι·
1274 874 1344 944 καὶ
1364 862 1502 949 otri

122 985 275 1064 διώκων
293 983 388 1066 οὔθ’
408 993 445 1066 oi
466 988 690 1083 δικάζοντες
716 985 802 1068 οὔτ’
831 986 948 1080 ἄλλος
976 990 1197 1092 ἀνθρώπων
1224 989 1351 1083 οὐδεὶς
1369 992 1506 1096 κύριος

123 1113 305 1193 κωλῦσαι.
632 1121 846 1212 (Demosth.
866 1147 896 1197 a
918 1119 1131 1198 Aristocrat
1152 1123 1397 1216 cta-643.)

768 1263 859 1339 837.

227 1370 273 1445 In
292 1367 513 1470 Areopago,
541 1369 606 1445 ubi
634 1370 694 1445 lex
723 1369 768 1445 de
797 1370 910 1447 caede
940 1371 1003 1470 agi
1030 1370 1201 1450 concedit
1219 1384 1257 1450 et
1269 1373 1398 1475 jubet,
1429 1377 1504 1475 pri·

122 1522 221 1570 mum
239 1495 278 1570 in
297 1494 450 1571 exitium
479 1496 537 1570 sui
563 1495 678 1595 ipsius
707 1506 745 1570 et
771 1496 896 1597 gentis
925 1507 963 1571 et
990 1498 1154 1575 familiae
1180 1524 1269 1575 suae
1291 1499 1434 1599 jurabit
1451 1502 1503 1589 is,

123 1621 184 1720 qui
202 1620 366 1719 aliquem
384 1620 470 1696 talia
488 1620 663 1696 facinoris
683 1621 1073 1719 criminatur3¹deinde
1093 1649 1168 1699 non
1187 1626 1343 1726 vulgare
1352 1624 1505 1723 aliquod

123 1745 192 1822 hoc
204 1744 469 1845 jusjurandum
489 1744 611 1840 dabit,
639 1744 704 1821 sed
723 1744 831 1846 quale
850 1773 961 1823 nemo
981 1748 1117 1825 inulla
1135 1774 1175 1825 re
1195 1750 1269 1826 alia
1291 1752 1413 1851 jurat,
1449 1751 1503 1827 in·
1565 1734 1568 1739 ’

123 1872 255 1946 sistens
273 1869 500 1947 consecratis
520 1869 695 1944 carnibus
714 1872 796 1970 apri
815 1883 855 1946 et
871 1872 998 1947 arietis
1018 1885 1056 1948 et
1084 1873 1199 1967 tauri,
1228 1874 1348 1974 iisque
1366 1885 1504 1950 macta-

124 1995 169 2069 tis
188 2006 267 2069 tum
286 1994 460 2094 aquibus
479 2004 627 2095 oportet
645 2005 723 2086 tum
745 1996 818 2071 iltis
847 1996 999 2092 diebus,
1028 2000 1164 2098 quibus
1183 2002 1358 2076 convenit
1369 2017 1385 2096 ,‘
1407 2013 1449 2076 ut
1467 2012 1505 2076 et

125 2146 145 2194 a
162 2132 328 2220 tempore
348 2129 386 2194 et
405 2119 452 2194 ab
472 2118 683 2196 hominibus
706 2124 954 2198 tractantibus
982 2149 1091 2199 omne
1106 2126 1169 2225 jus
1189 2125 1319 2225 fasque
1339 2136 1503 2227 praeste-

124 2257 190 2321 tur.
231 2245 329 2320 Tum
349 2271 570 2347 quamquam
591 2273 630 2320 se
660 2246 724 2320 tali
749 2247 993 2347 jurejurando
1024 2248 1226 2346 obligavit,
1255 2250 1421 2325 nondum
1448 2262 1502 2325 ta-

125 2396 208 2447 men
227 2369 385 2446 habetur
402 2370 457 2445 illi
476 2371 589 2466 fides,
619 2368 733 2445 sedai
758 2370 944 2447 mendacii
972 2373 1163 2449 convictus
1193 2373 1323 2466 fuerit,
1353 2375 1504 2477 perjurii

127 2495 275 2572 exitium
293 2495 505 2571 mercedem
523 2495 719 2590 auferens,
748 2495 822 2570 suis
849 2495 976 2572 liberis
1009 2507 1046 2572 et
1068 2499 1173 2598 genti
1190 2498 1284 2574 nihil
1303 2496 1505 2600 quidquam

125 2620 333 2698 lucrabitur.
370 2620 437 2697 Sin
458 2623 545 2723 jure
574 2647 765 2698 accusasse
793 2623 964 2699 videatur
987 2635 1025 2700 et
1044 2649 1148 2701 reum
1168 2625 1293 2702 caedis
1311 2637 1503 2728 perpetra-

125 2761 179 2824 tae
200 2748 423 2843 convicerit,
453 2773 524 2825 nec
542 2747 763 2848 sicquidem
791 2748 1005 2825 damnatum
1023 2748 1062 2826 in
1081 2774 1149 2827 sua
1166 2760 1352 2854 potestate
1370 2750 1506 2846 habet‚'

125 2874 186 2949 sed
212 2873 406 2974 infligendi
434 2874 606 2976 supplicii
633 2875 833 2951 auctoritas
861 2899 977 2976 penes
1005 2876 1109 2978 leges
1138 2877 1195 2954 est
1222 2886 1259 2953 et
1286 2902 1350 2954 eos
1368 2874 1504 2979 quibus

126 3000 192 3078 hoc
222 3014 279 3076 est
305 3001 541 3092 mandatum,
578 2999 755 3077 interesse
782 3010 909 3078 autem
941 3000 1153 3104 spectaculo
1183 3001 1375 3104 supplicii,
1404 2998 1507 3104 quoti

126 3126 338 3204 damnatum
356 3152 376 3202 e
395 3127 480 3226 lege
499 3126 685 3226 sequitur,
705 3125 792 3203 licet
809 3125 880 3221 illi,
900 3152 970 3203 nec
989 3140 1138 3230 praeter
1154 3126 1193 3204 id
1213 3131 1409 3230 quicquam
1428 3154 1503 3205 am-

126 3254 229 3354 plius.
268 3252 318 3328 Et
334 3251 428 3328 haec
448 3259 553 3345 sunt,
583 3274 677 3351 quae
696 3251 744 3328 ad
767 3263 1019 3328 accusatorem
1038 3253 1248 3355 pertinent3
1275 3278 1361 3332 reus
1380 3262 1505 3332 autem

119 3377 378 3479 jusjurandum
397 3374 529 3451 eodem
547 3375 659 3452 modo
679 3385 862 3477 praestat,
891 3376 977 3453 licet
1001 3387 1125 3453 autem
1144 3379 1178 3453 ei
1197 3377 1363 3456 oratione
1382 3380 1503 3482 primo

124 3503 205 3578 loco
224 3503 324 3579 dicta
341 3500 461 3578 solum
481 3511 644 3596 vertere,
672 3501 710 3576 id
731 3500 830 3602 quod
849 3526 970 3604 neque
990 3515 1183 3580 accusator
1210 3528 1333 3606 neque
1356 3496 1507 3606 judices

126 3654 245 3728 neque
264 3627 357 3705 alius
375 3627 567 3704 hominum
586 3627 781 3729 quisquam
799 3627 998 3729 prohibere
1014 3639 1148 3730 potest.

765 3789 853 3864 838.

229 3909 344 3990 Μετὰ
362 3910 434 3987 τὸν
453 3907 639 4010 πρότερον
657 3908 779 4013 λόγον
799 3913 918 4025 &geon
937 3918 1096 4016 φυγεῖν,
1125 3904 1226 4003 πλήν
1243 3911 1351 4002 εἴτις
1369 3919 1503 4018 γονέας

125 4040 180 4131 εἴη
199 4035 431 4125 ἀπεκτονώς.
767 4148 848 4223 888
990 4039 1145 4132 [Pollux
1163 4039 1267 4135 VIII,
1290 4039 1397 4134 117.)

230 4277 320 4350 Post
339 4262 497 4377 primam
524 4272 729 4349 orationem
756 4273 868 4348 liceat
895 4295 959 4347 reo
984 4271 1102 4348 solum
1131 4282 1296 4370 vertere,
1323 4274 1395 4351 nisi
1423 4276 1504 4376 quis

124 4399 363 4504 parricidium
381 4399 635 4476 commisisset.

767 4507 856 4583 839.
925 4580 928 4587 .

230 4635 413 4723 Πωλιγιαι*
442 4623 697 4730 πιπράσίιουσι
724 4627 792 4717 τὰς
818 4630 899 4707 τῶν
924 4637 963 4722 ἐξ
989 4627 1145 4730 Ἀρείου
1173 4626 1301 4737 πάγου
1314 4602 1413 4733 pucati
1432 4630 1504 4710 ιὸι

125 4754 311 4859 πρότερον
329 4754 449 4861 λόγον
467 4755 675 4862 φυγόντων
693 4751 847 4847 οὐσίας,
1011 4759 1168 4853 (Pollux
1187 4759 1292 4859 VIII,
1313 4763 1396 4856 99.)

766 4921 857 4997 839.
1499 4976 1503 4986 .

231 5029 455 5107 Venditores
474 5028 642 5106 vendunt
670 5055 798 5106 eorum
825 5027 1074 5125 substantias,
1104 5033 1167 5129 qui
1184 5040 1272 5131 post
1289 5031 1448 5131 primam
1463 5027 1506 5112 in

125 5157 326 5261 Areopago
344 5155 559 5261 apologiam
575 5155 706 5236 exules
721 5164 816 5232 suat.

1229 5275 1292 5341 14*
