3404 5782
132 321 232 414 ,θοᾷ
517 364 543 383 ‹·
603 334 1141 415 uouuaurassosaqlswv·
1220 339 1223 344 ’

147 536 370 617 auciacus
393 533 577 615 admorais
604 530 753 611 radus
780 529 924 633 solant5
950 529 1004 611 ita
1031 528 1086 609 illi
1115 556 1193 609 voa
1213 527 1319 607 huic
1339 527 1537 631 poprdotn

147 662 265 758 dunt,
289 684 490 762 quaram
505 658 650 763 inimica
667 656 867 751 offocaris,
894 680 941 737 ac
958 654 1094 749 ddada
1114 652 1375 760 disparent)

256 785 371 889 Apud
388 786 579 863 Romanos
594 785 627 861 si
641 782 855 886 quadrupes
873 782 1094 885 pauperiem
1112 781 1266 860 fecisse
1288 781 1464 879 dicatur,
1475 783 1539 861 ardo

148 939 170 990 e
196 912 282 1012 lege
308 912 395 991 XII.
416 911 634 989 tabularum
659 907 874 1013 dem,
896 932 998 1012 que
1026 908 1146 985 voluit
1170 918 1251 985 aut
1272 905 1367 984 dari
1386 904 1447 1000 id,
1476 908 1538 1007 qul

148 1039 295 1134 nocuit,
315 1036 362 1119 ‚id
380 1046 436 1114 est
453 1035 671 1130 idanimal,
698 1031 801 1134 quod
828 1033 982 1112 noxiam
1000 1033 1218 1128 commisit,
1248 1043 1327 1112 aut
1347 1033 1540 1127 memoli

149 1146 389 1241 hemnoxiae
408 1142 552 1247 offerri,
575 1156 794 1262 [lllpiau
821 1159 936 1236 libr.
964 1156 1108 1238 xvrn.
1137 1158 1202 1237 ad
1237 1146 1418 1236 Ec'ica
1446 1158 1541 1251 fal.)

219 1269 230 1305 ³
256 1284 394 1367 Damni
412 1282 570 1388 injuriae
590 1272 687 1363 actio
707 1281 944 1362 constituitur
961 1311 1030 1386 por
1051 1284 1188 1382 legem
1202 1280 1444 1385 Aquiliam,
1472 1282 1539 1385 cuja

148 1412 270 1516 primo
288 1412 412 1514 capite
429 1421 581 1488 canuam
601 1418 676 1503 est,
704 1419 746 1485 ut
763 1408 794 1485 si
814 1408 897 1510 quis
915 1408 1103 1508 hominem
1124 1397 1337 1505 alienum,
1365 1406 1540 1487 alienant

150 1535 441 1639 quadrupedem,
461 1559 556 1636 quae
575 1532 762 1636 pecudum
782 1556 937 1611 numero
948 1533 1024 1644 pit,
1044 1533 1183 1636 injuria
1205 1530 1432 1630 occiderit,
1452 1536 1543 1636 quut'

150 1686 196 1740 ea
215 1663 333 1739 resin
352 1685 398 1738 eo
416 1684 516 1736 anno
536 1657 684 1761 plurimi
702 1654 834 1754 fuerit,
859 1664 1006 1735 tantum
1025 1682 1090 1737 aes
1107 1656 1283 1735 domino
1304 1656 1409 1739 dare
1428 1659 1542 1738 mmor

149 1799 220 1865 tur.
250 1784 385 1888 (Gaji
405 1786 570 1865 Instit
591 1785 659 1882 ΠΙ,
681 1783 796 1876 210.)

269 1950 273 1956 ’
733 1993 811 2079 αα
830 1995 976 2083 rasa.

260 2162 536 2267 raucyarc.
565 2160 614 2260 11,
647 2158 719 2238 rr:
752 2163 896 2260 noas,
925 2162 989 2264 qur
1016 2164 1088 2240 us
1115 2187 1208 2242 aas
1241 2176 1336 2264 aa,
1369 2142 1550 2272 appu-u

152 2291 412 2390 Pelasgicum,
440 2291 480 2367 in
511 2315 586 2392 quo
609 2315 659 2366 ne
676 2288 928 2385 habitaretur,
957 2289 1062 2367 dirae
1079 2292 1393 2372 exsecrationes
1413 2293 1550 2397 prohibe

152 2415 246 2493 bant
264 2427 302 2491 et
320 2413 509 2517 quoddam
528 2414 640 2492 etiam
658 2413 798 2491 oraculi
817 2413 966 2514 Pythici
982 2439 1135 2493 carmen
1155 2414 1218 2493 his
1242 2420 1393 2498 verbis
1412 2419 1552 2497 vetabat:

156 2542 304 2642 ,egisse
315 2539 552 2642 Pelasgicum
562 2541 640 2618 otia
650 2539 840 2644 praestat“
861 2533 1197 2643 (τὸΠαλασγικὸν
1216 2535 1368 2647 ἀργόν
1389 2535 1553 2645 ἄμεινον).

260 2666 397 2744 Rhodii
422 2666 648 2766 peculiarem
677 2664 869 2743 habebant
887 2665 935 2743 de
954 2667 1112 2742 nauticis
1131 2667 1302 2746 damnis
1325 2671 1482 2773 legem,
1508 2695 1554 2772 qu

155 2802 330 2887 cavetur,
359 2804 400 2868 ut
427 2792 458 2868 si
486 2787 671 2869 levandae
699 2790 805 2867 navia
833 2791 956 2891 gratia
977 2791 1100 2893 jactus
1127 2794 1341 2875 mercium
1362 2799 1490 2878 factus
1505 2806 1554 2883 cst,

155 2919 337 2997 damnum
360 2918 522 2998 omnium
548 2915 826 2994 contributione
851 2916 1051 3013 sarciatur,
1080 2917 1185 3018 quod
1205 2946 1292 3024 pro
1313 2927 1500 3004 omnibns
1514 2923 1555 3000 ds·

155 3053 232 3120 tum
254 3054 320 3119 est.
357 3043 473 3120 Jactu
492 3043 601 3120 navia
619 3043 746 3121 levata
764 3043 794 3118 si
815 3042 988 3145 perierit,
1018 3047 1200 3122 extractis
1219 3048 1411 3129 aliorum
1429 3077 1495 3155 por
1509 3049 1556 3125 cri

155 3180 304 3273 natores
322 3166 528 3264 mercibus,
557 3168 804 3271 ejusquoque
824 3169 1007 3246 rationem
1026 3168 1156 3246 haberi
1183 3173 1374 3275 placuit,
1410 3179 1474 3280 qui
1490 3200 1557 3252 mer·

156 3319 217 3370 ces
236 3294 341 3371 salva
364 3318 461 3370 nave
484 3293 655 3394 jactavit.
695 3295 803 3372 Nave
830 3296 892 3373 val
921 3296 1054 3374 arbore
1083 3296 1121 3370 vi
1150 3305 1425 3401 tempestatis
1453 3302 1559 3380 amisa

156 3430 327 3501 vectores
344 3417 393 3497 ad
411 3420 728 3499 contributionem
746 3448 826 3498 non
854 3432 1038 3519 tenentur,
1058 3421 1130 3499 nisi
1149 3422 1253 3526 ipsis
1276 3429 1472 3509 arborem
1488 3430 1558 3506 salu·

154 3545 202 3625 tis
219 3570 332 3625 musa
350 3544 566 3625 eruentibus
581 3547 692 3645 ,navis
709 3548 817 3626 salva
833 3548 892 3624 sit.
920 3546 1122 3627 Levandae
1140 3550 1261 3628 navis
1280 3558 1427 3656 gratia
1443 3579 1560 3657 merce·

154 3673 193 3751 in
220 3670 401 3774 scapham
430 3672 654 3773 transjectas
682 3684 794 3775 atque
822 3672 906 3751 ideo
935 3674 1090 3751 amissas
1126 3675 1410 3762 intributione
1440 3707 1562 3774 enum,

155 3799 310 3897 quaein
327 3797 417 3877 navi
434 3784 562 3877 salvae
589 3799 765 3897 fuerunt,
794 3799 895 3878 refici
918 3801 1113 3895 convenit;
1139 3827 1246 3883 nave
1271 3821 1421 3889 autem
1439 3809 1564 3915 perdita

155 3934 400 4003 conservatae
418 3950 504 4003 cum
526 3926 713 4005 mercibus
732 3924 892 4028 scaphae
912 3927 1007 4005 ratio
1027 3952 1104 4013 nou
1121 3926 1316 4011 habetur.
1341 3933 1510 4015 collatio
1523 3936 1562 4013 io·

155 4047 370 4126 tributionis
388 4051 437 4127 ob
450 4052 596 4151 jactum
614 4052 721 4131 salva
737 4077 836 4149 nave
856 4053 936 4130 fieri
960 4051 1083 4131 debet
1124 4051 1216 4149 (Pa
1229 4059 1342 4137 ulli
1374 4055 1564 4153 sentit.

156 4167 192 4266 ⁷,
213 4170 270 4249 ad
288 4173 447 4275 legem
465 4174 737 4272 Rhodiam.)

262 4315 307 4391 ln
326 4315 475 4395 Libro
499 4318 735 4396 Juridico
762 4316 1103 4422 Alphabetico
1125 4322 1211 4401 sive
1231 4322 1484 4437 Synopsi
1505 4329 1565 4410 lli·

154 4460 273 4513 nore
304 4440 382 4532 (ed.
400 4442 600 4521 Zachariae
626 4472 648 4522 a
667 4445 906 4553 Lingenthal.
936 4446 1085 4549 Lipsiae
1106 4445 1238 4542 1856)
1265 4480 1429 4554 graece
1449 4458 1565 4560 scripu

153 4562 390 4664 reperiuntur
408 4569 533 4668 capita
552 4569 666 4670 Legis
685 4569 873 4664 Rhodiae,
894 4570 1099 4671 etquidem
1117 4579 1362 4672 sequentia:

264 4689 340 4767 l·o.
369 4689 499 4780 Ναῦς,
528 4689 599 4768 ίαν
618 4692 865 4797 προσκρούσῃ
885 4699 991 4795 ἑτέρα
1011 4697 1079 4785 νηί·
1091 4697 1361 4804 καίβυθίσῃ
1383 4704 1522 4802 αὐτὴν,
1540 4706 1567 4781 εί

148 4812 224 4910 μίν,
250 4809 372 4907 uallo}
398 4814 470 4914 (lla
490 4816 574 4893 'cori
600 4813 747 4918 ἀνέμου
776 4826 855 4899 ἐστὶ
883 4824 954 4895 καί
983 4822 1166 4914 φαίνεται
1197 4818 1289 4905 ἀπὸ
1311 4830 1494 4925 τούτου,
1520 4828 1565 4909 du

155 4928 249 5023 orire
276 4933 354 5020 ἀπὸ
383 4945 528 5027 κακίας
557 4936 650 5021 οὔτε
677 4944 756 5027 ἀπὸ
786 4944 963 5047 ἀμελείας
990 4947 1062 5024 τοῦ
1100 4950 1375 5053 κυβερνήτου
1405 4969 1478 5041 καί
1502 4958 1565 5039 uir

152 5063 309 5153 καμπῶν
337 5065 415 5143 τῶν
441 5072 485 5144 ἐν
511 5066 560 5166 τῇ
587 5077 782 5174 σωζομένη
803 5065 906 5168 ναίὴ
928 5069 1174 5174 ἀπολλυμένη
1205 5079 1332 5175 ναςῖςΙ
1352 5089 1563 5190 ἐβυθίσθη,
