3436 5790
693 395 755 445 ms
772 392 993 445 valvarum.

619 683 943 838 Κεφάλαιον
970 680 1086 795 ΙΓ’.

372 884 654 1033 Νόμοι
719 885 1327 1035 τιμορητιιιοί.

688 1210 848 1354 eaput
872 1209 1005 1327 XIII.

583 1407 731 1526 Jus
794 1441 1113 1552 paenae

746 1767 961 1870 Τμῆμαα’.

552 1917 704 2012 Περὶ
749 1916 1159 2019 κακηγορίας.

760 2187 884 2265 Sestio
914 2188 947 2263 1.

672 2333 739 2409 De
778 2330 1035 2408 conviciis.

800 2527 915 2603 1560.

260 2660 312 2746 ‘0
338 2667 400 2761 τῆς
428 2673 669 2774 κακηγορίας
696 2665 817 2766 νόμος
844 2663 1013 2755 κελεύει,
1046 2661 1139 2754 τούς
1175 2660 1356 2769 λέγοντάς
1391 2693 1429 2739 τι
1468 2689 1546 2739 ταν

160 2791 383 2897 ἀπορρήτων
401 2796 658 2880 πεντακοσίας
677 2787 850 2891 δραχμὰς
869 2786 1054 2886 ὀφείλειν.

917 2921 1090 3017 (Isocrat.
1110 2945 1141 2997 ο.
1162 2918 1305 2997 Loehir
1324 2913 1359 3019 ξ.
1380 2916 1439 3009 3.)

798 3081 913 3159 1560.

268 3227 348 3304 Lex
367 3227 413 3303 de
432 3226 631 3303 maledieto
645 3225 757 3327 jubet
774 3251 859 3320 eos,
890 3225 952 3327 qui
980 3225 1120 3325 aliquid
1142 3224 1382 3302 interdictum
1401 3224 1546 3324 legibus

82 3382 86 3390 ·
160 3353 373 3454 proferunt,
402 3353 616 3452 quingentis
635 3350 819 3430 drachmis
837 3350 1020 3429 mulctari.
1397 3346 1401 3353 ’

798 3521 913 3599 1561.

270 3656 360 3735 Τῶν
378 3655 604 3761 ἀπορρήτων
622 3666 737 3750 ἐστιν,
757 3657 826 3738 ε’·άν
845 3690 900 3746 τις
919 3659 1007 3758 εἴπῃ
1027 3656 1098 3736 τάν
1118 3663 1258 3757 πατέρα
1276 3653 1546 3745 ἀπεκτονέναι,

161 3789 230 3861 καί
256 3782 323 3861 ι’·ἀν
351 3814 406 3873 τις
434 3784 521 3883 εἴπῃ
546 3781 855 3887 ἀποβεβληκέναι
884 3780 954 3877 την
982 3780 1147 3876 ἀσπίδα,
1177 3785 1434 3870 πεντακοσίας
1454 3779 1547 3883 δρα-

156 3906 263 4007 χμάς
281 3906 463 4007 ὀφείλειν.
659 3913 812 4016 (Lysias
830 3937 861 3990 ο.
881 3912 1118 3991 Theomnest.
1139 3916 1167 3991 Ι.
1188 3909 1222 4015 ξ.
1244 3915 1279 3990 6.
1299 3923 1337 3990 et
1357 3911 1441 4005 12.)

800 4073 914 4151 1561.

269 4199 410 4279 Eorum
430 4212 505 4298 est,
534 4227 628 4303 quae
647 4200 731 4300 lege
756 4200 1050 4301 interdicuntur,
1079 4204 1111 4279 si
1131 4203 1213 4303 quis
1233 4203 1394 4304 aliquem
1414 4200 1548 4280 dixerit

162 4338 306 4431 patrem
334 4327 533 4424 occidisse3
566 4337 604 4403 et
630 4327 662 4402 si
690 4326 771 4426 quis
800 4325 935 4404 dixerit
962 4325 1123 4427 aliquem
1159 4329 1341 4430 abjecisse
1379 4339 1546 4422 sautum,

19 4556 24 4566 ,
165 4455 388 4555 quingentas
406 4451 602 4529 drachmas
620 4450 752 4528 solvar

800 4579 914 4656 1562.

261 4696 340 4778 ”Ar
361 4700 402 4780 δέ
417 4733 472 4790 τις
491 4700 624 4790 κακῶς
643 4698 808 4808 ἀγορεύῃ
827 4699 978 4795 τάληθῆ
988 4759 999 4791 ,
1029 4699 1235 4802 προσῆκον.

759 4830 1021 4927 (Demosthen.
1042 4857 1071 4908 ο.
1093 4831 1307 4908 Aristocrat.
1329 4831 1440 4923 635.)

795 4995 908 5073 1562.

270 5121 308 5198 Si
328 5123 410 5221 quie
428 5132 553 5198 tamen
574 5123 740 5200 eonvieia
758 5146 848 5201 vere
867 5121 1020 5217 dixerit,
1050 5120 1120 5198 hoc
1140 5121 1280 5199 licitum
1298 5132 1388 5198 esto.
