3436 5790
261 425 340 516 bill)
601 419 910 515 connsursnius
932 464 982 514 an
1003 439 1150 515 cra'cso.
1170 459 1234 514 css.
1254 459 1317 512 css.

739 770 742 775 ¹
848 665 1063 752 asma.

366 834 479 938 Apud
507 836 713 928 Romanos,
751 833 961 933 dequibus
989 835 1103 912 rebus
1132 846 1174 911 ut
1201 834 1308 911 aliter
1334 843 1531 933 ageretur,
1568 830 1657 928 lage

261 973 414 1041 cautum
430 986 507 1038 non
535 972 634 1055 crat,
665 960 711 1035 de
739 959 797 1036 his
821 971 1135 1041 sacramento
1159 959 1363 1058 agebatur5
1392 970 1431 1036 et
1449 958 1513 1058 qui
1532 956 1656 1031 victus

260 1098 359 1182 erat,
387 1110 572 1172 summam
597 1085 820 1167 sacramenti
847 1087 1065 1185 praestabat
1091 1111 1236 1187 poenae
1265 1085 1438 1182 nomine;
1467 1107 1587 1184 eaque
1615 1081 1656 1157 in

261 1213 453 1316 publicum
471 1212 639 1291 cedebat.
677 1210 808 1287 Poena
834 1221 960 1286 autem
978 1211 1201 1287 sacramenti
1220 1221 1285 1287 aut
1304 1208 1657 1309 quingenariaerat

258 1350 324 1422 aut
340 1336 680 1439 quinquagenaria:
705 1362 794 1414 nam
813 1334 858 1413 de
878 1335 988 1412 rebus
1014 1336 1116 1415 mille
1135 1337 1231 1413 aeris
1251 1336 1416 1437 pluuisse
1434 1330 1652 1434 quingentis

258 1464 416 1558 assibus,
436 1463 484 1540 de
502 1463 656 1541 minoris
676 1488 766 1550 vero
783 1462 1059 1563 quinquaginta
1076 1464 1223 1540 assibus
1241 1448 1478 1555 sacramento
1497 1470 1653 1535 conten-

262 1589 442 1686 debatur3
470 1616 558 1668 nam
577 1589 629 1665 ita
647 1590 732 1688 lege
752 1589 839 1666 XII.
860 1588 1072 1665 tabularum
1091 1599 1241 1679 cautum
1260 1599 1362 1680 erat.⁴

370 1715 507 1815 (Gaji
535 1715 701 1793 Instit.
730 1713 795 1808 Ν,
827 1713 1015 1806 13-14.)

851 1924 927 2008 Ad
947 1908 1063 2009 ato.

254 2062 325 2198 ...l-
368 2065 509 2199 Lexica
535 2089 765 2191 Segueriana
793 2119 829 2192 p.
851 2092 930 2166 290
957 2119 1028 2194 pro
1057 2085 1289 2188 παράστασις
1311 2091 1452 2169 habent
1473 2114 1652 2186 παρακα-

260 2211 447 2319 τάστασις.
487 2216 537 2293 Et
555 2243 591 2317 p.
611 2216 690 2291 298
709 2216 837 2293 dicunt
861 2216 907 2293 de
928 2212 1178 2313 παραστάσει,
1209 2216 1309 2318 quod
1328 2215 1392 2292 illa
1411 2216 1524 2294 fuerit
1544 2241 1653 2332 pecu-

261 2342 343 2450 nia,
374 2368 469 2443 quae
488 2340 572 2449 ideo
591 2342 831 2436 solvebatur,
860 2369 908 2420 ne
928 2343 973 2418 lis
993 2344 1300 2423 introduceretur.

847 2553 926 2663 as
948 2482 1065 2638 aas.

369 2719 560 2796 Bcckhius
580 2719 690 2805 docet
711 2717 892 2811 (Staatsh.
914 2696 949 2796 d.
969 2702 1106 2797 Athen.
1128 2721 1171 2804 Τ.
1191 2723 1220 2797 Ι.
1240 2745 1275 2819 p.
1296 2719 1395 2811 466)
1420 2718 1599 2821 prytania
1616 2712 1677 2793 in'

261 2845 383 2919 causis
411 2844 588 2945 privatis,
623 2845 881 2943 parastasim
871 2871 910 2919 rn
940 2845 1098 2947 publicis
1127 2847 1240 2924 fuisse
1269 2843 1447 2939 solutam,
1488 2845 1652 2973 exceptis

248 2957 382 3045 'causis
401 2968 449 3044 ad
468 2969 592 3046 forum
609 2969 834 3045 arbitrorum
852 2970 1138 3070 pertinentibus.

369 3086 444 3187 Sed
464 3111 762 3213 Harpocratios.
783 3141 818 3189 v.
839 3109 1086 3210 Παράστασις
1106 3115 1215 3194 dicit:
1239 3115 1428 3192 Drachma
1446 3115 1517 3191 fuit
1537 3086 1649 3219 depo·

261 3238 331 3311 sita
349 3236 397 3311 ab
417 3237 482 3331 iis,
503 3238 565 3337 qui
584 3239 740 3339 privatis
759 3239 857 3315 inter
875 3266 914 3317 se
932 3241 977 3316 de
997 3243 1264 3319 controversiis
1284 3242 1549 3342 disceptarent.
1578 3240 1649 3316 De·

261 3362 413 3439 metrius
442 3372 568 3439 autem
585 3363 788 3440 Phalereus
817 3365 943 3459 tradit.
957 3369 1116 3447 arbitros
1141 3369 1283 3470 cepisse
1303 3366 1520 3445 drachmam
1539 3393 1649 3443 unam

262 3497 348 3589 post
366 3487 600 3564 sortitionem
618 3514 773 3584 causae,
802 3491 959 3569 alteram
978 3474 1222 3593 quotiesdies
1241 3492 1407 3569 diffissus
1426 3505 1527 3569 esset
1558 3498 1649 3585 (κα-

260 3607 309 3685 cci
328 3602 562 3719 ὑπωμοσίαν
575 3607 775 3724 Ιἑκάστην).

851 3752 927 3836 Ad
947 3752 1070 3849 058.

369 3919 468 4026 Hinc
497 3933 563 4025 pat
547 3896 623 4019 tet,
650 3898 980 4035 stipulationem
957 3947 1023 4000 seu
1052 3917 1420 4022 παρακαταβολῆν
1410 3952 1449 4000 1n
1478 3925 1648 4001 omnibus

261 4020 411 4150 reliquis
430 4047 570 4127 litibus
575 4057 652 4125 tam
670 4047 829 4150 publicis
849 4074 961 4160 quam
980 4050 1136 4152 privatis
1156 4050 1268 4167 fuisse
1287 4050 1530 4151 depositam.
1622 4145 1625 4149 .

369 4194 415 4270 In
434 4191 579 4269 actione
599 4192 786 4270 metallica
804 4193 1053 4296 stipulationis
1079 4195 1306 4271 mentionem
1326 4195 1415 4274 facit
1432 4195 1650 4299 Demosthe-

261 4344 329 4396 nes
349 4319 525 4419 (Except.
546 4318 630 4396 adv,
650 4319 867 4397 Pantaenct.
889 4322 1001 4414 978):
1027 4347 1136 4420 ματα
1145 4317 1284 4401 ταῦτα
1289 4323 1563 4468 προσκαλοῖται
1578 4322 1650 4417 μέν

257 4472 309 4547 με
328 4436 397 4532 τὴν
417 4438 532 4536 δίκην
560 4439 700 4545 πάλιν,
712 4441 855 4541 ἐπειδὴ
887 4445 1036 4524 θᾶττον
1065 4441 1237 4536 ἀνείλατο
1266 4442 1335 4536 τοὶς
1362 4474 1652 4546 παρακατα-

299 4597 320 4643 ο
330 4563 386 4643 λ
364 4595 389 4644 α

260 4569 291 4669 β
372 4598 428 4774 Iri
437 4699 648 4778 actionibus
668 4700 783 4778 debiti
807 4648 1087 4806 stipulationem
1104 4703 1231 4813 locum
1248 4699 1447 4799 habuisse,
1469 4684 1581 4799 testis
1599 4710 1653 4778 est

265 4821 428 4901 Suidas
417 4852 457 4901 rn
475 4820 803 4925 ααρακαταβαλὴ,
824 4829 890 4905 ubi
907 4829 956 4908 ad
975 4801 1237 4933 Aristophanis
1256 4828 1471 4931 Nubes(v.
1496 4827 1651 4904 1255--

265 4949 391 5044 1256)
420 4951 528 5030 dicit.
567 4945 721 5037 ἀπολεῖς
747 4979 817 5025 και
845 4947 892 5026 τοὶ
921 4956 982 5029 ἐπὶ
1011 4950 1057 5051 τῇ
1086 4980 1231 5092 ypupqp
1246 4946 1502 5052 ἀναλώματα,
1517 4946 1653 5091 priapo

262 5069 362 5150 adid
395 5099 609 5168 ποιηοας..
631 5070 782 5152 ,ὅέστι
812 5108 865 5152 το
854 5072 1113 5174 δέκατον
1140 5077 1231 5154 τοῦ
1260 5073 1545 5191 τιμήματος
1573 5108 1652 5168 της

262 5197 287 5279 ὃ
297 5197 467 5294 lanc,t
451 5194 544 5305 ὅπερ
563 5207 737 5280 καλεῖται
756 5229 990 5308 σονωνυμως
1009 5178 1363 5309 παρακαταβολῆ(
1343 5204 1524 5303 (driuttes
1543 5209 1651 5286 etiam
