3436 5790
429 421 735 477 conunnranrcs
754 417 808 472 an
827 410 908 470 reos.
928 413 1009 472 sarr.
1029 415 1108 473 ιετε.
1381 395 1458 469 643

240 611 316 690 Sed
335 624 456 692 tamen
475 625 517 689 ut
535 616 698 691 monitus
717 637 869 704 caveas,
890 637 938 688 ne
957 610 1050 686 forte
1070 611 1197 709 negoti

239 741 400 817 Incutiat
418 740 486 816 tibi
505 740 592 840 quid
612 750 822 817 sanctarum
841 738 987 814 inscitia
1005 739 1151 836 legum:

239 863 279 940 Si
298 865 397 941 mala
415 864 625 941 condiderit
642 867 681 938 in
701 889 810 961 quem
830 864 910 963 quis
930 862 1113 956 carmina,
1138 863 1217 961 jus
1241 873 1315 938 est

239 990 601 1088 Judiciumque.

649 1091 725 1175 Ad
742 1092 884 1174 1⁵00.

184 1256 407 1334 Plutarchus
434 1258 473 1331 in
503 1256 638 1334 Solone
669 1257 739 1331 21:
764 1251 1002 1330 Ἐπαινεῖται
1030 1255 1104 1332 τοῦ
1130 1251 1312 1340 Σόλωνος
1341 1256 1409 1328 καί
1437 1245 1459 1328 ὁ

77 1376 241 1454 κωλύων
261 1376 378 1475 νόμος
396 1376 467 1454 τὸν
484 1377 702 1469 τεθνηκότα
722 1377 854 1464 κακῶς
873 1375 1083 1482 ἀγορεύειν.
1121 1380 1333 1475 (Laudatur
1353 1380 1460 1461 Solo·

76 1507 134 1583 nis
154 1517 191 1584 et
209 1508 274 1584 illa
292 1508 373 1599 lex,
402 1533 477 1608 qua
496 1508 612 1583 vetuit
631 1509 785 1586 mortuis
804 1508 1058 1602 maledicere.)

183 1631 373 1709 Demosth.
393 1631 477 1709 adv.
498 1634 624 1709 Boeot.
646 1635 693 1727 ΙΙ,
719 1633 839 1709 1022:
860 1629 969 1720 Μηδὲ
988 1629 1081 1718 τούς
1099 1623 1328 1709 τῶνᾶλλων
1347 1635 1459 1708 πατέ-

77 1784 143 1854 ρας
161 1753 293 1841 κακῶς
312 1759 435 1858 λέγειν
453 1755 674 1842 τεθνεῶτας.
714 1760 791 1852 (Ne
817 1759 972 1835 aliorum
993 1758 1141 1861 quidem
1161 1761 1330 1861 pal-ribus
1348 1758 1461 1839 male·

76 1882 149 1959 dici
165 1884 352 1975 mortuis.)

184 2009 274 2084 Lex.
294 2007 386 2085 rhet.
406 2008 453 2082 ad
471 2008 609 2084 calcem
620 2007 743 2084 Photii
762 2036 798 2111 p.
810 2009 884 2084 6⁷1
901 2038 908 2082 :
925 2003 1023 2083 Ἐάν
1040 2037 1095 2094 τις
1113 2007 1354 2107 κακῶςεῖπη
1371 2006 1460 2084 τινὰ

76 2129 156 2208 τῶν
174 2136 486 2228 κατοιχομένων,
507 2123 587 2203 κδν
606 2121 684 2204 ὑπὸ
704 2128 782 2205 τοῖν
801 2136 958 2208 ἐκείνου
978 2131 1127 2208 παίδων
1145 2130 1297 2232 ἀκούσῃ
1315 2135 1460 2225 κακῶς,
1598 2151 1601 2158 ’

77 2261 332 2342 πεντακοσίας
359 2252 663 2341 καταδικασθείς
690 2247 794 2348 ὦφλε
821 2255 876 2354 τῷ
897 2255 1089 2356 δημοσίῳ,
1118 2258 1328 2357 τριάκοντα
1347 2257 1387 2337 δὲ
1406 2258 1461 2358 τῷ

77 2378 218 2477 ἰδιώτῃ.
251 2375 450 2480 Ὑπερίδης
479 2380 517 2455 δὲ
545 2387 588 2456 ἐν
616 2379 671 2477 τῴ
699 2379 801 2455 κατὰ
830 2386 1036 2479 Δωροθέου
1061 2388 1191 2479 χιλίας
1205 2389 1282 2482 μὲν
1301 2384 1461 2484 ζημιοῦ-

77 2511 193 2594 σθαι,
219 2502 288 2583 cdv
315 2503 408 2591 τούς
437 2511 762 2603 κατοιχομένους,
791 2510 904 2598 φησί,
935 2512 1191 2597 πεντακοσίας
1219 2507 1254 2585 δ’
1272 2507 1342 2589 ἐὰν
1370 2508 1461 2599 τούς

78 2631 232 2722 ζῶντας.
263 2633 324 2727 (Si
344 2635 426 2733 quis
445 2633 489 2711 de
508 2633 685 2710 defuncto
706 2634 831 2733 aliquo
856 2635 1033 2735 injuriose
1052 2639 1288 2738 loqueretur,
1317 2640 1461 2716 etiarnsi

76 2758 177 2859 apud
196 2759 334 2836 liberos
354 2760 435 2861 ejus
453 2759 548 2835 male
568 2758 730 2854 audiret.
762 2759 1031 2838 condemnatus
1055 2763 1279 2865 quingentas
1297 2763 1460 2865 publico,

75 2885 230 2984 triginta
258 2884 451 2961 drachmas
480 2885 628 2987 privato
662 2885 833 2963 debebat.
872 2887 1082 2989 Hyperides
1110 2914 1200 2966 vero
1228 2891 1461 2967 lucratione

76 3023 210 3088 contra
237 3010 468 3088 Dorotheum
498 3012 598 3088 mille
626 3011 808 3089 drachmis
836 3013 1006 3092 mulctari
1025 3015 1115 3092 dicit
1134 3016 1278 3117 eosqui
1297 3015 1344 3093 de
1364 3041 1460 3092 mor·

76 3138 167 3231 tuis,
197 3136 409 3237 quingentis
436 3163 499 3214 eos
519 3136 582 3236 qui
601 3135 646 3214 de
666 3138 753 3216 vivo
772 3140 896 3240 aliquo
915 3141 1091 3241 injuriose
1111 3141 1380 3242 loquerentur.)

655 3328 729 3412 Ad
749 3331 891 3416 1574.

184 3495 242 3574 Of.
264 3497 386 3572 Photii
405 3497 530 3574 Lexic.
555 3497 646 3574 rhet.
675 3525 703 3574 s.
723 3525 758 3573 v.
786 3490 909 3596 ὕβρις.
943 3543 990 3554 -
1020 3501 1062 3578 Ο.
1092 3503 1162 3578 Fr.
1192 3501 1460 3580 Hermanni

76 3620 267 3721 symbolas
286 3621 333 3696 ad
352 3621 556 3699 doctrinam
569 3622 666 3720 juria
676 3620 791 3699 Attici
802 3622 847 3700 de
866 3625 1085 3725 injuriarum
1106 3628 1325 3705 actionibus.
1346 3627 1459 3720 (Got-

75 3746 202 3844 tingae
225 3746 359 3840 1817.)
648 3850 869 3935 Mun

184 4013 374 4093 Demosth.
394 4017 433 4093 in
442 4017 643 4097 Timocrat.
655 4019 753 4095 786:
774 4017 827 4091 Εἴ
840 4048 895 4106 τις
914 4014 1022 4092 ι’δίαν
1039 4015 1156 4109 δίκην
1175 4017 1322 4110 κλοπῆς
1340 4012 1458 4121 dinis),

78 4128 271 4237 ὑπάρχειν
284 4141 358 4237 μὲν
378 4136 484 4238 αὐτῷ
514 4139 790 4218 διπλάσιον
819 4138 995 4218 ἀποτῖσαι
1025 4139 1069 4217 τὸ
1098 4149 1278 4241 τιμηθέν·
1308 4173 1459 4243 προςτι·

72 4261 190 4360 μῆσαι
225 4262 260 4337 δ’
287 4270 426 4354 ἐξεῖναι
462 4266 518 4366 τρῖ
555 4266 787 4368 δικαστηρίῳ
824 4265 916 4368 πρὸς
952 4267 1006 4368 τῷ
1036 4262 1208 4371 ἀργυρίῳ
1238 4267 1378 4369 δεσμὸν
1403 4274 1459 4374 τῷ

77 4392 218 4484 κλέπτῃ
229 4443 239 4477 ,
268 4394 380 4465 πένθ’
400 4383 536 4489 ἡμέρας
554 4396 623 4467 καί
643 4390 788 4481 νύκτας
807 4393 912 4483 ἴσας,
940 4388 1040 4480 ὅπως
1059 4384 1183 4495 δρῷεν
1201 4389 1363 4486 ἅπαντες
1381 4394 1458 4476 αὐ·

76 4508 146 4587 τὸν
166 4511 377 4610 δεδεμένον.
418 4517 479 4614 (Si
506 4521 588 4623 quia
616 4519 764 4621 privato
786 4520 927 4622 judicio
950 4521 1037 4599 furti
1057 4523 1247 4602 convictus
1266 4525 1396 4627 fuerit,
1424 4530 1459 4606 ei

77 4641 191 4718 licere
210 4640 365 4743 duplum
385 4645 530 4724 solvere
548 4647 763 4723 aestimatae
784 4646 876 4741 litis,
896 4647 962 4723 sed
980 4672 1096 4750 penes
1109 4649 1255 4749 judices
1275 4677 1374 4749 esce,
1401 4654 1458 4731 fu·

77 4791 156 4843 rem
175 4780 325 4868 practer
342 4782 539 4869 argentum
557 4774 709 4873 insuper
727 4772 775 4848 ad
795 4773 957 4873 quinque
985 4775 1125 4851 diarum
1145 4777 1373 4878 totidemque
1392 4805 1457 4857 no-

77 4894 191 4969 ctium
211 4895 361 4972 vincula
378 4897 576 4993 damnare,
607 4911 648 4974 ut
666 4924 796 4975 omnes
815 4924 899 4975 eum
919 4901 1085 4976 vinctum
1102 4925 1183 4978 esse
1203 4901 1388 4995 videant.)
1489 4960 1491 4964 ψ

107 5040 110 5044 ’
184 5022 241 5097 Ex
260 5020 330 5098 hoc
349 5023 608 5100 Demosthenis
627 5026 706 5101 loco
726 5037 845 5126 patet,
866 5053 943 5120 non
962 5053 1044 5105 esse
1062 5028 1299 5108 scribendum
1316 5029 1355 5108 in
1374 5031 1457 5135 lege

78 5140 363 5236 δεκαπλασίαν,
393 5159 434 5263 ut
452 5148 534 5227 libri
554 5151 714 5245 faciunt,
745 5151 810 5229 sed
830 5148 1044 5231 διπλασίαν.

1179 5276 1247 5346 41*
